@ARTICLE{Bournaud2015arXiv,
   author = {{Bournaud}, F.},
    title = "{Bulge growth through disk instabilities in high-redshift galaxies}",
  journal = {ArXiv e-prints},
archivePrefix = "arXiv",
   eprint = {1503.07660},
 keywords = {Astrophysics - Astrophysics of Galaxies, Astrophysics - Cosmology and Nongalactic Astrophysics},
     year = 2015,
    month = mar,
   adsurl = {http://adsabs.harvard.edu/abs/2015arXiv150307660B},
  adsnote = {Provided by the SAO/NASA Astrophysics Data System}
}

@ARTICLE{Bruce2015arXiv,
   author = {{Bruce}, V.~A. and {Dunlop}, J.~S. and {Mortlock}, A. and {Kocevski}, D.~D. and 
	{McGrath}, E.~J. and {Rosario}, D.~J.},
    title = "{The bulge-disk decomposition of AGN host galaxies}",
  journal = {ArXiv e-prints},
archivePrefix = "arXiv",
   eprint = {1510.03870},
 keywords = {Astrophysics - Astrophysics of Galaxies},
     year = 2015,
    month = oct,
   adsurl = {http://adsabs.harvard.edu/abs/2015arXiv151003870B},
  adsnote = {Provided by the SAO/NASA Astrophysics Data System}
}

@ARTICLE{Rosario2015A&A,
   author = {{Rosario}, D.~J. and {McIntosh}, D.~H. and {van der Wel}, A. and 
	{Kartaltepe}, J. and {Lang}, P. and {Santini}, P. and {Wuyts}, S. and 
	{Lutz}, D. and {Rafelski}, M. and {Villforth}, C. and {Alexander}, D.~M. and 
	{Bauer}, F.~E. and {Bell}, E.~F. and {Berta}, S. and {Brandt}, W.~N. and 
	{Conselice}, C.~J. and {Dekel}, A. and {Faber}, S.~M. and {Ferguson}, H.~C. and 
	{Genzel}, R. and {Grogin}, N.~A. and {Kocevski}, D.~D. and {Koekemoer}, A.~M. and 
	{Koo}, D.~C. and {Lotz}, J.~M. and {Magnelli}, B. and {Maiolino}, R. and 
	{Mozena}, M. and {Mullaney}, J.~R. and {Papovich}, C.~J. and 
	{Popesso}, P. and {Tacconi}, L.~J. and {Trump}, J.~R. and {Avadhuta}, S. and 
	{Bassett}, R. and {Bell}, A. and {Bernyk}, M. and {Bournaud}, F. and 
	{Cassata}, P. and {Cheung}, E. and {Croton}, D. and {Donley}, J. and 
	{DeGroot}, L. and {Guedes}, J. and {Hathi}, N. and {Herrington}, J. and 
	{Hilton}, M. and {Lai}, K. and {Lani}, C. and {Martig}, M. and 
	{McGrath}, E. and {Mutch}, S. and {Mortlock}, A. and {McPartland}, C. and 
	{O'Leary}, E. and {Peth}, M. and {Pillepich}, A. and {Poole}, G. and 
	{Snyder}, D. and {Straughn}, A. and {Telford}, O. and {Tonini}, C. and 
	{Wandro}, P.},
    title = "{The host galaxies of X-ray selected active galactic nuclei to z = 2.5: Structure, star formation, and their relationships from CANDELS and Herschel/PACS}",
  journal = {\aap},
archivePrefix = "arXiv",
   eprint = {1409.5122},
 keywords = {galaxies: active, galaxies: structure, galaxies: star formation, surveys, methods: statistical, X-rays: galaxies},
     year = 2015,
    month = jan,
   volume = 573,
      eid = {A85},
    pages = {A85},
      doi = {10.1051/0004-6361/201423782},
   adsurl = {http://adsabs.harvard.edu/abs/2015A%26A...573A..85R},
  adsnote = {Provided by the SAO/NASA Astrophysics Data System}
}

@ARTICLE{Muller-Sanchez2015arXiv,
   author = {{M{\"u}ller-Sanchez}, F. and {Comerford}, J.~M. and {Nevin}, R. and 
	{Barrows}, R.~S. and {Cooper}, M.~C. and {Greene}, J.~E.},
    title = "{The Origin of Double-Peaked Narrow Lines in Active Galactic Nuclei I: Very Large Array Detections of Dual AGNs and AGN Outflows}",
  journal = {ArXiv e-prints},
archivePrefix = "arXiv",
   eprint = {1509.04291},
 keywords = {Astrophysics - Astrophysics of Galaxies},
     year = 2015,
    month = sep,
   adsurl = {http://adsabs.harvard.edu/abs/2015arXiv150904291M},
  adsnote = {Provided by the SAO/NASA Astrophysics Data System}
}

@ARTICLE{McGurk2015ApJ,
   author = {{McGurk}, R.~C. and {Max}, C.~E. and {Medling}, A.~M. and {Shields}, G.~A. and 
	{Comerford}, J.~M.},
    title = "{Spatially Resolved Imaging and Spectroscopy of Candidate Dual Active Galactic Nuclei}",
  journal = {\apj},
 keywords = {galaxies: active, galaxies: interactions, galaxies: nuclei, quasars: emission lines},
     year = 2015,
    month = sep,
   volume = 811,
      eid = {14},
    pages = {14},
      doi = {10.1088/0004-637X/811/1/14},
   adsurl = {http://adsabs.harvard.edu/abs/2015ApJ...811...14M},
  adsnote = {Provided by the SAO/NASA Astrophysics Data System}
}

@ARTICLE{Shannon2015arXiv,
   author = {{Shannon}, R.~M. and {Ravi}, V. and {Lentati}, L.~T. and {Lasky}, P.~D. and 
	{Hobbs}, G. and {Kerr}, M. and {Manchester}, R.~N. and {Coles}, W.~A. and 
	{Levin}, Y. and {Bailes}, M. and {Bhat}, N.~D.~R. and {Burke-Spolaor}, S. and 
	{Dai}, S. and {Keith}, M.~J. and {Os{\l}owski}, S. and {Reardon}, D.~J. and 
	{van Straten}, W. and {Toomey}, L. and {Wang}, J.-B. and {Wen}, L. and 
	{Wyithe}, J.~S.~B. and {Zhu}, X.-J.},
    title = "{Gravitational waves from binary supermassive black holes missing in pulsar observations}",
  journal = {ArXiv e-prints},
archivePrefix = "arXiv",
   eprint = {1509.07320},
 keywords = {Astrophysics - Cosmology and Nongalactic Astrophysics, Astrophysics - High Energy Astrophysical Phenomena, Astrophysics - Instrumentation and Methods for Astrophysics, General Relativity and Quantum Cosmology},
     year = 2015,
    month = sep,
   adsurl = {http://adsabs.harvard.edu/abs/2015arXiv150907320S},
  adsnote = {Provided by the SAO/NASA Astrophysics Data System}
}

@ARTICLE{Villforth2015AJ,
   author = {{Villforth}, C. and {Hamann}, F.},
    title = "{The Host Galaxies and Narrow-Line Regions of Four Double-Peaked [OIII] AGNs}",
  journal = {\aj},
archivePrefix = "arXiv",
   eprint = {1501.00325},
 keywords = {galaxies: active, galaxies: interactions, galaxies: kinematics and dynamics, quasars: general},
     year = 2015,
    month = mar,
   volume = 149,
      eid = {92},
    pages = {92},
      doi = {10.1088/0004-6256/149/3/92},
   adsurl = {http://adsabs.harvard.edu/abs/2015AJ....149...92V},
  adsnote = {Provided by the SAO/NASA Astrophysics Data System}
}

@ARTICLE{Kocevski2015arXiv,
   author = {{Kocevski}, D.~D. and {Brightman}, M. and {Nandra}, K. and {Koekemoer}, A.~M. and 
	{Salvato}, M. and {Aird}, J. and {Bell}, E.~F. and {Hsu}, L.-T. and 
	{Kartaltepe}, J.~S. and {Koo}, D.~C. and {Lotz}, J.~M. and {McIntosh}, D.~H. and 
	{Mozena}, M. and {Rosario}, D. and {Trump}, J.~R.},
    title = "{Are Compton-Thick AGN the Missing Link Between Mergers and Black Hole Growth?}",
  journal = {ArXiv e-prints},
archivePrefix = "arXiv",
   eprint = {1509.03629},
 keywords = {Astrophysics - Astrophysics of Galaxies},
     year = 2015,
    month = sep,
   adsurl = {http://adsabs.harvard.edu/abs/2015arXiv150903629K},
  adsnote = {Provided by the SAO/NASA Astrophysics Data System}
}

@ARTICLE{Trump2015arXiv,
   author = {{Trump}, J.~R. and {Sun}, M. and {Zeimann}, G.~R. and {Luck}, C. and 
	{Bridge}, J.~S. and {Grier}, C.~J. and {Hagen}, A. and {Juneau}, S. and 
	{Montero-Dorta}, A. and {Rosario}, D.~J. and {Brandt}, W.~N. and 
	{Ciardullo}, R. and {Schneider}, D.~P.},
    title = "{The Biases of Optical Line-Ratio Selection for Active Galactic Nuclei, and the Intrinsic Relationship between Black Hole Accretion and Galaxy Star Formation}",
  journal = {ArXiv e-prints},
archivePrefix = "arXiv",
   eprint = {1501.02801},
 keywords = {Astrophysics - Astrophysics of Galaxies},
     year = 2015,
    month = jan,
   adsurl = {http://adsabs.harvard.edu/abs/2015arXiv150102801T},
  adsnote = {Provided by the SAO/NASA Astrophysics Data System}
}

@ARTICLE{Comerford2015ApJ,
   author = {{Comerford}, J.~M. and {Pooley}, D. and {Barrows}, R.~S. and 
	{Greene}, J.~E. and {Zakamska}, N.~L. and {Madejski}, G.~M. and 
	{Cooper}, M.~C.},
    title = "{Merger-driven Fueling of Active Galactic Nuclei: Six Dual and Offset AGNs Discovered with Chandra and Hubble Space Telescope Observations}",
  journal = {\apj},
archivePrefix = "arXiv",
   eprint = {1504.01391},
 keywords = {galaxies: active, galaxies: interactions, galaxies: nuclei},
     year = 2015,
    month = jun,
   volume = 806,
      eid = {219},
    pages = {219},
      doi = {10.1088/0004-637X/806/2/219},
   adsurl = {http://adsabs.harvard.edu/abs/2015ApJ...806..219C},
  adsnote = {Provided by the SAO/NASA Astrophysics Data System}
}

@ARTICLE{Chiaberge2015ApJ,
   author = {{Chiaberge}, M. and {Gilli}, R. and {Lotz}, J.~M. and {Norman}, C.
	},
    title = "{Radio Loud AGNs Are Mergers}",
  journal = {\apj},
archivePrefix = "arXiv",
   eprint = {1505.07419},
 keywords = {galaxies: active, galaxies: interactions, galaxies: jets, galaxies: nuclei, X-rays: galaxies},
     year = 2015,
    month = jun,
   volume = 806,
      eid = {147},
    pages = {147},
      doi = {10.1088/0004-637X/806/2/147},
   adsurl = {http://adsabs.harvard.edu/abs/2015ApJ...806..147C},
  adsnote = {Provided by the SAO/NASA Astrophysics Data System}
}

@misc{Barbary2015SEP,
  author       = {Kyle Barbary and
                  Kyle Boone and
                  Christoph Deil},
  title        = {sep: v0.3.0},
  month        = feb,
  year         = 2015,
  doi          = {10.5281/zenodo.15669},
  url          = {http://dx.doi.org/10.5281/zenodo.15669}
}

@ARTICLE{Huang2014MNRAS,
   author = {{Huang}, Y. and {Liu}, X.-W. and {Yuan}, H.-B. and {Xiang}, M.-S. and 
	{Huo}, Z.-Y. and {Hou}, Y.-H. and {Jin}, G. and {Zhang}, Y. and 
	{Zhou}, X.-L.},
    title = "{HST and LAMOST discover a dual active galactic nucleus in J0038+4128}",
  journal = {\mnras},
archivePrefix = "arXiv",
   eprint = {1402.2740},
 primaryClass = "astro-ph.GA",
 keywords = {galaxies: active, galaxies: individual: J0038+4128, galaxies: interactions, galaxies: nuclei, galaxies: Seyfert},
     year = 2014,
    month = apr,
   volume = 439,
    pages = {2927-2932},
      doi = {10.1093/mnras/stu334},
   adsurl = {http://adsabs.harvard.edu/abs/2014MNRAS.439.2927H},
  adsnote = {Provided by the SAO/NASA Astrophysics Data System}
}

@ARTICLE{Wassenhove2014MNRAS,
   author = {{Van Wassenhove}, S. and {Capelo}, P.~R. and {Volonteri}, M. and 
	{Dotti}, M. and {Bellovary}, J.~M. and {Mayer}, L. and {Governato}, F.
	},
    title = "{Nuclear coups: dynamics of black holes in galaxy mergers}",
  journal = {\mnras},
archivePrefix = "arXiv",
   eprint = {1310.7581},
 primaryClass = "astro-ph.CO",
 keywords = {galaxies: active, galaxies: interactions, galaxies: nuclei},
     year = 2014,
    month = mar,
   volume = 439,
    pages = {474-487},
      doi = {10.1093/mnras/stu024},
   adsurl = {http://adsabs.harvard.edu/abs/2014MNRAS.439..474V},
  adsnote = {Provided by the SAO/NASA Astrophysics Data System}
}

@ARTICLE{Villforth2014MNRAS,
   author = {{Villforth}, C. and {Hamann}, F. and {Rosario}, D.~J. and {Santini}, P. and 
	{McGrath}, E.~J. and {van der Wel}, A. and {Chang}, Y.~Y. and 
	{Guo}, Y. and {Dahlen}, T. and {Bell}, E.~F. and {Conselice}, C.~J. and 
	{Croton}, D. and {Dekel}, A. and {Faber}, S.~M. and {Grogin}, N. and 
	{Hamilton}, T. and {Hopkins}, P.~F. and {Juneau}, S. and {Kartaltepe}, J. and 
	{Kocevski}, D. and {Koekemoer}, A. and {Koo}, D.~C. and {Lotz}, J. and 
	{McIntosh}, D. and {Mozena}, M. and {Somerville}, R. and {Wild}, V.
	},
    title = "{Morphologies of z {\tilde} 0.7 AGN host galaxies in CANDELS: no trend of merger incidence with AGN luminosity}",
  journal = {\mnras},
archivePrefix = "arXiv",
   eprint = {1401.5477},
 primaryClass = "astro-ph.GA",
 keywords = {galaxies: active, galaxies: evolution, galaxies: interactions, galaxies: irregular, quasars: general},
     year = 2014,
    month = apr,
   volume = 439,
    pages = {3342-3356},
      doi = {10.1093/mnras/stu173},
   adsurl = {http://adsabs.harvard.edu/abs/2014MNRAS.439.3342V},
  adsnote = {Provided by the SAO/NASA Astrophysics Data System}
}

@ARTICLE{Colpi2014SSRv,
   author = {{Colpi}, M.},
    title = "{Massive Binary Black Holes in Galactic Nuclei and Their Path to Coalescence}",
  journal = {\ssr},
archivePrefix = "arXiv",
   eprint = {1407.3102},
 keywords = {Black hole physics, Dynamics, Galaxy mergers, Black hole binaries},
     year = 2014,
    month = sep,
   volume = 183,
    pages = {189-221},
      doi = {10.1007/s11214-014-0067-1},
   adsurl = {http://adsabs.harvard.edu/abs/2014SSRv..183..189C},
  adsnote = {Provided by the SAO/NASA Astrophysics Data System}
}

@ARTICLE{McGaugh&Schombert2014AJ,
   author = {{McGaugh}, S.~S. and {Schombert}, J.~M.},
    title = "{Color-Mass-to-light-ratio Relations for Disk Galaxies}",
  journal = {\aj},
archivePrefix = "arXiv",
   eprint = {1407.1839},
 keywords = {galaxies: evolution, galaxies: fundamental parameters, galaxies: photometry, galaxies: stellar content },
     year = 2014,
    month = nov,
   volume = 148,
      eid = {77},
    pages = {77},
      doi = {10.1088/0004-6256/148/5/77},
   adsurl = {http://adsabs.harvard.edu/abs/2014AJ....148...77M},
  adsnote = {Provided by the SAO/NASA Astrophysics Data System}
}

@ARTICLE{Fu2015ApJ,
   author = {{Fu}, H. and {Myers}, A.~D. and {Djorgovski}, S.~G. and {Yan}, L. and 
	{Wrobel}, J.~M. and {Stockton}, A.},
    title = "{Radio-selected Binary Active Galactic Nuclei from the Very Large Array Stripe 82 Survey}",
  journal = {\apj},
archivePrefix = "arXiv",
   eprint = {1411.0685},
 keywords = {galaxies: active, galaxies: interactions, galaxies: nuclei, radio continuum: galaxies },
     year = 2015,
    month = jan,
   volume = 799,
      eid = {72},
    pages = {72},
      doi = {10.1088/0004-637X/799/1/72},
   adsurl = {http://adsabs.harvard.edu/abs/2015ApJ...799...72F},
  adsnote = {Provided by the SAO/NASA Astrophysics Data System}
}

@ARTICLE{Deane2014Natur,
   author = {{Deane}, R.~P. and {Paragi}, Z. and {Jarvis}, M.~J. and {Coriat}, M. and 
  {Bernardi}, G. and {Fender}, R.~P. and {Frey}, S. and {Heywood}, I. and 
  {Kl{\"o}ckner}, H.-R. and {Grainge}, K. and {Rumsey}, C.},
    title = "{A close-pair binary in a distant triple supermassive black hole system}",
  journal = {\nat},
archivePrefix = "arXiv",
   eprint = {1406.6365},
     year = 2014,
    month = jul,
   volume = 511,
    pages = {57-60},
      doi = {10.1038/nature13454},
   adsurl = {http://adsabs.harvard.edu/abs/2014Natur.511...57D},
  adsnote = {Provided by the SAO/NASA Astrophysics Data System}
}

@ARTICLE{Comerford2013ApJ,
   author = {{Comerford}, J.~M. and {Schluns}, K. and {Greene}, J.~E. and 
	{Cool}, R.~J.},
    title = "{Dual Supermassive Black Hole Candidates in the AGN and Galaxy Evolution Survey}",
  journal = {\apj},
archivePrefix = "arXiv",
   eprint = {1309.2284},
 keywords = {galaxies: active, galaxies: interactions, galaxies: nuclei },
     year = 2013,
    month = nov,
   volume = 777,
      eid = {64},
    pages = {64},
      doi = {10.1088/0004-637X/777/1/64},
   adsurl = {http://adsabs.harvard.edu/abs/2013ApJ...777...64C},
  adsnote = {Provided by the SAO/NASA Astrophysics Data System}
}

@ARTICLE{Fiacconi2013ApJ,
   author = {{Fiacconi}, D. and {Mayer}, L. and {Ro{\v s}kar}, R. and {Colpi}, M.
	},
    title = "{Massive Black Hole Pairs in Clumpy, Self-gravitating Circumnuclear Disks: Stochastic Orbital Decay}",
  journal = {\apjl},
archivePrefix = "arXiv",
   eprint = {1307.0822},
 keywords = {black hole physics, galaxies: nuclei, hydrodynamics, methods: numerical },
     year = 2013,
    month = nov,
   volume = 777,
      eid = {L14},
    pages = {L14},
      doi = {10.1088/2041-8205/777/1/L14},
   adsurl = {http://adsabs.harvard.edu/abs/2013ApJ...777L..14F},
  adsnote = {Provided by the SAO/NASA Astrophysics Data System}
}

@ARTICLE{Seoane2013arXiv,
   author = {{Seoane}, P.~A. and {Aoudia}, S. and 
	{Audley}, H. and {Auger}, G. and {Babak}, S. and {Baker}, J. and 
	{Barausse}, E. and {Barke}, S. and {Bassan}, M. and {Beckmann}, V. and 
	{Benacquista}, M. and {Bender}, P.~L. and {Berti}, E. and {Bin{\'e}truy}, P. and 
	{Bogenstahl}, J. and {Bonvin}, C. and {Bortoluzzi}, D. and {Brause}, N.~C. and 
	{Brossard}, J. and {Buchman}, S. and {Bykov}, I. and {Camp}, J. and 
	{Caprini}, C. and {Cavalleri}, A. and {Cerdonio}, M. and {Ciani}, G. and 
	{Colpi}, M. and {Congedo}, G. and {Conklin}, J. and {Cornish}, N. and 
	{Danzmann}, K. and {de Vine}, G. and {DeBra}, D. and {Dewi Freitag}, M. and 
	{Di Fiore}, L. and {Diaz Aguilo}, M. and {Diepholz}, I. and 
	{Dolesi}, R. and {Dotti}, M. and {Fern{\'a}ndez Barranco}, G. and 
	{Ferraioli}, L. and {Ferroni}, V. and {Finetti}, N. and {Fitzsimons}, E. and 
	{Gair}, J. and {Galeazzi}, F. and {Garcia}, A. and {Gerberding}, O. and 
	{Gesa}, L. and {Giardini}, D. and {Gibert}, F. and {Grimani}, C. and 
	{Groot}, P. and {Guzman Cervantes}, F. and {Haiman}, Z. and 
	{Halloin}, H. and {Heinzel}, G. and {Hewitson}, M. and {Hogan}, C. and 
	{Holz}, D. and {Hornstrup}, A. and {Hoyland}, D. and {Hoyle}, C.~D. and 
	{Hueller}, M. and {Hughes}, S. and {Jetzer}, P. and {Kalogera}, V. and 
	{Karnesis}, N. and {Kilic}, M. and {Killow}, C. and {Klipstein}, W. and 
	{Kochkina}, E. and {Korsakova}, N. and {Krolak}, A. and {Larson}, S. and 
	{Lieser}, M. and {Littenberg}, T. and {Livas}, J. and {Lloro}, I. and 
	{Mance}, D. and {Madau}, P. and {Maghami}, P. and {Mahrdt}, C. and 
	{Marsh}, T. and {Mateos}, I. and {Mayer}, L. and {McClelland}, D. and 
	{McKenzie}, K. and {McWilliams}, S. and {Merkowitz}, S. and 
	{Miller}, C. and {Mitryk}, S. and {Moerschell}, J. and {Mohanty}, S. and 
	{Monsky}, A. and {Mueller}, G. and {M{\"u}ller}, V. and {Nelemans}, G. and 
	{Nicolodi}, D. and {Nissanke}, S. and {Nofrarias}, M. and {Numata}, K. and 
	{Ohme}, F. and {Otto}, M. and {Perreur-Lloyd}, M. and {Petiteau}, A. and 
	{Phinney}, E.~S. and {Plagnol}, E. and {Pollack}, S. and {Porter}, E. and 
	{Prat}, P. and {Preston}, A. and {Prince}, T. and {Reiche}, J. and 
	{Richstone}, D. and {Robertson}, D. and {Rossi}, E.~M. and {Rosswog}, S. and 
	{Rubbo}, L. and {Ruiter}, A. and {Sanjuan}, J. and {Sathyaprakash}, B.~S. and 
	{Schlamminger}, S. and {Schutz}, B. and {Sch{\"u}tze}, D. and 
	{Sesana}, A. and {Shaddock}, D. and {Shah}, S. and {Sheard}, B. and 
	{Sopuerta}, C.~F. and {Spector}, A. and {Spero}, R. and {Stanga}, R. and 
	{Stebbins}, R. and {Stede}, G. and {Steier}, F. and {Sumner}, T. and 
	{Sun}, K.-X. and {Sutton}, A. and {Tanaka}, T. and {Tanner}, D. and 
	{Thorpe}, I. and {Tr{\"o}bs}, M. and {Tinto}, M. and {Tu}, H.-B. and 
	{Vallisneri}, M. and {Vetrugno}, D. and {Vitale}, S. and {Volonteri}, M. and 
	{Wand}, V. and {Wang}, Y. and {Wanner}, G. and {Ward}, H. and 
	{Ware}, B. and {Wass}, P. and {Weber}, W.~J. and {Yu}, Y. and 
	{Yunes}, N. and {Zweifel}, P.},
    title = "{The Gravitational Universe}",
  journal = {ArXiv e-prints},
archivePrefix = "arXiv",
   eprint = {1305.5720},
 primaryClass = "astro-ph.CO",
 keywords = {Astrophysics - Cosmology and Extragalactic Astrophysics, General Relativity and Quantum Cosmology},
     year = 2013,
    month = may,
   adsurl = {http://adsabs.harvard.edu/abs/2013arXiv1305.5720C},
  adsnote = {Provided by the SAO/NASA Astrophysics Data System}
}

@ARTICLE{Manchester2013PASA,
   author = {{Manchester}, R.~N. and {Hobbs}, G. and {Bailes}, M. and {Coles}, W.~A. and 
	{van Straten}, W. and {Keith}, M.~J. and {Shannon}, R.~M. and 
	{Bhat}, N.~D.~R. and {Brown}, A. and {Burke-Spolaor}, S.~G. and 
	{Champion}, D.~J. and {Chaudhary}, A. and {Edwards}, R.~T. and 
	{Hampson}, G. and {Hotan}, A.~W. and {Jameson}, A. and {Jenet}, F.~A. and 
	{Kesteven}, M.~J. and {Khoo}, J. and {Kocz}, J. and {Maciesiak}, K. and 
	{Oslowski}, S. and {Ravi}, V. and {Reynolds}, J.~R. and {Sarkissian}, J.~M. and 
	{Verbiest}, J.~P.~W. and {Wen}, Z.~L. and {Wilson}, W.~E. and 
	{Yardley}, D. and {Yan}, W.~M. and {You}, X.~P.},
    title = "{The Parkes Pulsar Timing Array Project}",
  journal = {\pasa},
archivePrefix = "arXiv",
   eprint = {1210.6130},
 primaryClass = "astro-ph.IM",
 keywords = {gravitational waves, instrumentation: miscellaneous, methods: observational, pulsars: general},
     year = 2013,
    month = jan,
   volume = 30,
      eid = {e017},
    pages = {17},
      doi = {10.1017/pasa.2012.017},
   adsurl = {http://adsabs.harvard.edu/abs/2013PASA...30...17M},
  adsnote = {Provided by the SAO/NASA Astrophysics Data System}
}

@ARTICLE{Ellison2013MNRAS,
   author = {{Ellison}, S.~L. and {Mendel}, J.~T. and {Patton}, D.~R. and 
	{Scudder}, J.~M.},
    title = "{Galaxy pairs in the Sloan Digital Sky Survey - VIII. The observational properties of post-merger galaxies}",
  journal = {\mnras},
archivePrefix = "arXiv",
   eprint = {1308.3707},
 keywords = {galaxies: abundances, galaxies: active, galaxies: evolution, galaxies: interactions, galaxies: Seyfert, galaxies: starburst},
     year = 2013,
    month = nov,
   volume = 435,
    pages = {3627-3638},
      doi = {10.1093/mnras/stt1562},
   adsurl = {http://adsabs.harvard.edu/abs/2013MNRAS.435.3627E},
  adsnote = {Provided by the SAO/NASA Astrophysics Data System}
}

@ARTICLE{Boehm2013A&A,
   author = {{B{\"o}hm}, A. and {Wisotzki}, L. and {Bell}, E.~F. and {Jahnke}, K. and 
	{Wolf}, C. and {Bacon}, D. and {Barden}, M. and {Gray}, M.~E. and 
	{Hoeppe}, G. and {Jogee}, S. and {McIntosh}, D.~H. and {Peng}, C.~Y. and 
	{Robaina}, A.~R. and {Balogh}, M. and {Barazza}, F.~D. and {Caldwell}, J.~A.~R. and 
	{Heymans}, C. and {H{\"a}u{\ss}ler}, B. and {van Kampen}, E. and 
	{Lane}, K. and {Meisenheimer}, K. and {S{\'a}nchez}, S.~F. and 
	{Taylor}, A.~N. and {Zheng}, X.},
    title = "{AGN host galaxies at redshift z {\ap} 0.7: peculiar or not?}",
  journal = {\aap},
archivePrefix = "arXiv",
   eprint = {1210.6214},
 keywords = {galaxies: active, galaxies: interactions, galaxies: evolution},
     year = 2013,
    month = jan,
   volume = 549,
      eid = {A46},
    pages = {A46},
      doi = {10.1051/0004-6361/201015444},
   adsurl = {http://adsabs.harvard.edu/abs/2013A%26A...549A..46B},
  adsnote = {Provided by the SAO/NASA Astrophysics Data System}
}

@ARTICLE{Baumgartner2013ApJS,
   author = {{Baumgartner}, W.~H. and {Tueller}, J. and {Markwardt}, C.~B. and 
	{Skinner}, G.~K. and {Barthelmy}, S. and {Mushotzky}, R.~F. and 
	{Evans}, P.~A. and {Gehrels}, N.},
    title = "{The 70 Month Swift-BAT All-sky Hard X-Ray Survey}",
  journal = {\apjs},
archivePrefix = "arXiv",
   eprint = {1212.3336},
 primaryClass = "astro-ph.HE",
 keywords = {catalogs, surveys, X-rays: general},
     year = 2013,
    month = aug,
   volume = 207,
      eid = {19},
    pages = {19},
      doi = {10.1088/0067-0049/207/2/19},
   adsurl = {http://adsabs.harvard.edu/abs/2013ApJS..207...19B},
  adsnote = {Provided by the SAO/NASA Astrophysics Data System}
}

@ARTICLE{Shen2013ApJ,
   author = {{Shen}, Y. and {Liu}, X. and {Loeb}, A. and {Tremaine}, S.},
    title = "{Constraining Sub-parsec Binary Supermassive Black Holes in Quasars with Multi-epoch Spectroscopy. I. The General Quasar Population}",
  journal = {\apj},
archivePrefix = "arXiv",
   eprint = {1306.4330},
 primaryClass = "astro-ph.CO",
 keywords = {black hole physics, galaxies: active, line: profiles, quasars: general, surveys},
     year = 2013,
    month = sep,
   volume = 775,
      eid = {49},
    pages = {49},
      doi = {10.1088/0004-637X/775/1/49},
   adsurl = {http://adsabs.harvard.edu/abs/2013ApJ...775...49S},
  adsnote = {Provided by the SAO/NASA Astrophysics Data System}
}

@ARTICLE{Liu2013ApJ,
   author = {{Liu}, X. and {Civano}, F. and {Shen}, Y. and {Green}, P. and 
  {Greene}, J.~E. and {Strauss}, M.~A.},
    title = "{Chandra X-Ray and Hubble Space Telescope Imaging of Optically Selected Kiloparsec-scale Binary Active Galactic Nuclei. I. Nature of the Nuclear Ionizing Sources}",
  journal = {\apj},
archivePrefix = "arXiv",
   eprint = {1209.5418},
 primaryClass = "astro-ph.CO",
 keywords = {black hole physics, galaxies: active, galaxies: interactions, galaxies: nuclei, galaxies: Seyfert, quasars: general, X-rays: galaxies },
     year = 2013,
    month = jan,
   volume = 762,
      eid = {110},
    pages = {110},
      doi = {10.1088/0004-637X/762/2/110},
   adsurl = {http://adsabs.harvard.edu/abs/2013ApJ...762..110L},
  adsnote = {Provided by the SAO/NASA Astrophysics Data System}
}


@ARTICLE{Kormendy&Ho2013ARA&A,
   author = {{Kormendy}, J. and {Ho}, L.~C.},
    title = "{Coevolution (Or Not) of Supermassive Black Holes and Host Galaxies}",
  journal = {\araa},
archivePrefix = "arXiv",
   eprint = {1304.7762},
 primaryClass = "astro-ph.CO",
     year = 2013,
    month = aug,
   volume = 51,
    pages = {511-653},
      doi = {10.1146/annurev-astro-082708-101811},
   adsurl = {http://adsabs.harvard.edu/abs/2013ARA%26A..51..511K},
  adsnote = {Provided by the SAO/NASA Astrophysics Data System}
}

@ARTICLE{Dong2012ApJ,
   author = {{Dong}, R. and {Greene}, J.~E. and {Ho}, L.~C.},
    title = "{X-Ray Properties of Intermediate-mass Black Holes in Active Galaxies. III. Spectral Energy Distribution and Possible Evidence for Intrinsically X-Ray-weak Active Galactic Nuclei}",
  journal = {\apj},
archivePrefix = "arXiv",
   eprint = {1210.6653},
 keywords = {galaxies: active, galaxies: nuclei, galaxies: Seyfert, galaxies: statistics, X-rays: galaxies},
     year = 2012,
    month = dec,
   volume = 761,
      eid = {73},
    pages = {73},
      doi = {10.1088/0004-637X/761/1/73},
   adsurl = {http://adsabs.harvard.edu/abs/2012ApJ...761...73D},
  adsnote = {Provided by the SAO/NASA Astrophysics Data System}
}

@ARTICLE{Povic2012A&A,
   author = {{Povi{\'c}}, M. and {S{\'a}nchez-Portal}, M. and {P{\'e}rez Garc{\'{\i}}a}, A.~M. and 
	{Bongiovanni}, A. and {Cepa}, J. and {Huertas-Company}, M. and 
	{Lara-L{\'o}pez}, M.~A. and {Fern{\'a}ndez Lorenzo}, M. and 
	{Ederoclite}, A. and {Alfaro}, E. and {Casta{\~n}eda}, H. and 
	{Gallego}, J. and {Gonz{\'a}lez-Serrano}, J.~I. and {Gonz{\'a}lez}, J.~J.
	},
    title = "{AGN-host galaxy connection: morphology and colours of X-ray selected AGN at z {\le} 2}",
  journal = {\aap},
archivePrefix = "arXiv",
   eprint = {1202.1662},
 keywords = {galaxies: active, galaxies: fundamental parameters, galaxies: distances and redshifts, galaxies: structure, X-rays: galaxies},
     year = 2012,
    month = may,
   volume = 541,
      eid = {A118},
    pages = {A118},
      doi = {10.1051/0004-6361/201117314},
   adsurl = {http://adsabs.harvard.edu/abs/2012A%26A...541A.118P},
  adsnote = {Provided by the SAO/NASA Astrophysics Data System}
}

@ARTICLE{Ge2012ApJS,
   author = {{Ge}, J.-Q. and {Hu}, C. and {Wang}, J.-M. and {Bai}, J.-M. and 
	{Zhang}, S.},
    title = "{Double-peaked Narrow Emission-line Galaxies from the Sloan Digital Sky Survey. I. Sample and Basic Properties}",
  journal = {\apjs},
archivePrefix = "arXiv",
   eprint = {1208.2485},
 keywords = {black hole physics, galaxies: evolution},
     year = 2012,
    month = aug,
   volume = 201,
      eid = {31},
    pages = {31},
      doi = {10.1088/0067-0049/201/2/31},
   adsurl = {http://adsabs.harvard.edu/abs/2012ApJS..201...31G},
  adsnote = {Provided by the SAO/NASA Astrophysics Data System}
}

@ARTICLE{Stern&Laor2012MNRAS,
   author = {{Stern}, J. and {Laor}, A.},
    title = "{Type 1 AGN at low z - II. The relative strength of narrow lines and the nature of intermediate type AGN}",
  journal = {\mnras},
archivePrefix = "arXiv",
   eprint = {1207.5543},
 keywords = {galaxies: Seyfert},
     year = 2012,
    month = nov,
   volume = 426,
    pages = {2703-2718},
      doi = {10.1111/j.1365-2966.2012.21772.x},
   adsurl = {http://adsabs.harvard.edu/abs/2012MNRAS.426.2703S},
  adsnote = {Provided by the SAO/NASA Astrophysics Data System}
}

@ARTICLE{Teng2012ApJ,
   author = {{Teng}, S.~H. and {Schawinski}, K. and {Urry}, C.~M. and {Darg}, D.~W. and 
	{Kaviraj}, S. and {Oh}, K. and {Bonning}, E.~W. and {Cardamone}, C.~N. and 
	{Keel}, W.~C. and {Lintott}, C.~J. and {Simmons}, B.~D. and 
	{Treister}, E.},
    title = "{Chandra Observations of Galaxy Zoo Mergers: Frequency of Binary Active Nuclei in Massive Mergers}",
  journal = {\apj},
archivePrefix = "arXiv",
   eprint = {1206.1266},
 keywords = {galaxies: active, X-rays: galaxies},
     year = 2012,
    month = jul,
   volume = 753,
      eid = {165},
    pages = {165},
      doi = {10.1088/0004-637X/753/2/165},
   adsurl = {http://adsabs.harvard.edu/abs/2012ApJ...753..165T},
  adsnote = {Provided by the SAO/NASA Astrophysics Data System}
}

@ARTICLE{Kocevski2012ApJ,
   author = {{Kocevski}, D.~D. and {Faber}, S.~M. and {Mozena}, M. and {Koekemoer}, A.~M. and 
	{Nandra}, K. and {Rangel}, C. and {Laird}, E.~S. and {Brusa}, M. and 
	{Wuyts}, S. and {Trump}, J.~R. and {Koo}, D.~C. and {Somerville}, R.~S. and 
	{Bell}, E.~F. and {Lotz}, J.~M. and {Alexander}, D.~M. and {Bournaud}, F. and 
	{Conselice}, C.~J. and {Dahlen}, T. and {Dekel}, A. and {Donley}, J.~L. and 
	{Dunlop}, J.~S. and {Finoguenov}, A. and {Georgakakis}, A. and 
	{Giavalisco}, M. and {Guo}, Y. and {Grogin}, N.~A. and {Hathi}, N.~P. and 
	{Juneau}, S. and {Kartaltepe}, J.~S. and {Lucas}, R.~A. and 
	{McGrath}, E.~J. and {McIntosh}, D.~H. and {Mobasher}, B. and 
	{Robaina}, A.~R. and {Rosario}, D. and {Straughn}, A.~N. and 
	{van der Wel}, A. and {Villforth}, C.},
    title = "{CANDELS: Constraining the AGN-Merger Connection with Host Morphologies at z \~{} 2}",
  journal = {\apj},
archivePrefix = "arXiv",
   eprint = {1109.2588},
 keywords = {galaxies: active, galaxies: evolution, X-rays: galaxies},
     year = 2012,
    month = jan,
   volume = 744,
      eid = {148},
    pages = {148},
      doi = {10.1088/0004-637X/744/2/148},
   adsurl = {http://adsabs.harvard.edu/abs/2012ApJ...744..148K},
  adsnote = {Provided by the SAO/NASA Astrophysics Data System}
}

@ARTICLE{Barrows2012ApJ,
  author = {{Barrows}, R.~S. and {Stern}, D. and {Madsen}, K. and {Harrison},
  F. and {Assef}, R.~J. and {Comerford}, J.~M. and {Cushing}, M.~C.
  and {Fassnacht}, C.~D. and {Gonzalez}, A.~H. and {Griffith}, R. and
  {Hickox}, R. and {Kirkpatrick}, J.~D. and {Lagattuta}, D.~J. },
  title = {{A Candidate Dual Active Galactic Nucleus at z = 1.175}},
  journal = {\apj},
  year = {2012},
  volume = {744},
  pages = {7},
  month = jan,
  eid = {7},
  adsnote = {Provided by the SAO/NASA Astrophysics Data System},
  adsurl = {http://adsabs.harvard.edu/abs/2012ApJ...744....7B},
  archiveprefix = {arXiv},
  doi = {10.1088/0004-637X/744/1/7},
  eprint = {1109.3469},
  keywords = {galaxies: active, galaxies: individual: CXOXBJ142607.6+353351, galaxies:
  nuclei, quasars: emission lines},
  primaryclass = {astro-ph.CO}
}

@ARTICLE{Civano2012ApJ,
  author = {{Civano}, F. and {Elvis}, M. and {Lanzuisi}, G. and {Aldcroft}, T.
  and {Trichas}, M. and {Bongiorno}, A. and {Brusa}, M. and {Blecha},
  L. and {Comastri}, A. and {Loeb}, A. and {Salvato}, M. and {Fruscione},
  A. and {Koekemoer}, A. and {Komossa}, S. and {Gilli}, R. and {Mainieri},
  V. and {Piconcelli}, E. and {Vignali}, C.},
  title = {{Chandra High-resolution observations of CID-42, a Candidate Recoiling
  Supermassive Black Hole}},
  journal = {\apj},
  year = {2012},
  volume = {752},
  pages = {49},
  month = jun,
  eid = {49},
  adsnote = {Provided by the SAO/NASA Astrophysics Data System},
  adsurl = {http://adsabs.harvard.edu/abs/2012ApJ...752...49C},
  archiveprefix = {arXiv},
  doi = {10.1088/0004-637X/752/1/49},
  eprint = {1205.0815},
  keywords = {galaxies: active, galaxies: interactions, galaxies: nuclei },
  primaryclass = {astro-ph.CO}
}

@ARTICLE{Shields2012ApJ,
  author = {{Shields}, G.~A. and {Rosario}, D.~J. and {Junkkarinen}, V. and {Chapman},
  S.~C. and {Bonning}, E.~W. and {Chiba}, T.},
  title = {{LBQS 0103-2753: A Binary Quasar in a Major Merger}},
  journal = {\apj},
  year = {2012},
  volume = {744},
  pages = {151},
  month = jan,
  eid = {151},
  adsnote = {Provided by the SAO/NASA Astrophysics Data System},
  adsurl = {http://adsabs.harvard.edu/abs/2012ApJ...744..151S},
  archiveprefix = {arXiv},
  doi = {10.1088/0004-637X/744/2/151},
  eprint = {1109.1524},
  keywords = {black hole physics, galaxies: active, quasars: general },
  primaryclass = {astro-ph.CO}
}

@ARTICLE{Fu2012ApJ,
  author = {{Fu}, H. and {Yan}, L. and {Myers}, A.~D. and {Stockton}, A. and
  {Djorgovski}, S.~G. and {Aldering}, G. and {Rich}, J.~A.},
  title = {{The Nature of Double-peaked [O III] Active Galactic Nuclei}},
  journal = {\apj},
  year = {2012},
  volume = {745},
  pages = {67},
  month = jan,
  eid = {67},
  adsnote = {Provided by the SAO/NASA Astrophysics Data System},
  adsurl = {http://adsabs.harvard.edu/abs/2012ApJ...745...67F},
  archiveprefix = {arXiv},
  doi = {10.1088/0004-637X/745/1/67},
  eprint = {1107.3564},
  keywords = {galaxies: active, galaxies: formation, galaxies: interactions, galaxies:
  nuclei, quasars: emission lines},
  primaryclass = {astro-ph.CO}
}

@ARTICLE{Liu2012ApJ,
  author = {{Liu}, X. and {Shen}, Y. and {Strauss}, M.~A.},
  title = {{Active Galactic Nucleus Pairs from the Sloan Digital Sky Survey.
  II. Evidence for Tidally Enhanced Star Formation and Black Hole Accretion}},
  journal = {\apj},
  year = {2012},
  volume = {745},
  pages = {94},
  month = jan,
  eid = {94},
  adsnote = {Provided by the SAO/NASA Astrophysics Data System},
  adsurl = {http://adsabs.harvard.edu/abs/2012ApJ...745...94L},
  archiveprefix = {arXiv},
  doi = {10.1088/0004-637X/745/1/94},
  eprint = {1104.0951},
  keywords = {black hole physics, galaxies: active, galaxies: interactions, galaxies:
  nuclei, galaxies: stellar content},
  primaryclass = {astro-ph.CO}
}

@BOOK{Dressel2012WFC3,
   author = {{Dressel}, L.},
    title = "{Wide Field Camera 3 Instrument Handbook for Cycle 21 v. 5.0}",
 keywords = {WFC, Wide Field Camera 3, WFC/UVIS, WFC/IR, HST  },
booktitle = {Wide Field Camera 3, HST Instrument Handbook},
     year = 2012,
    month = dec,
   adsurl = {http://adsabs.harvard.edu/abs/2012wfci.book.....D},
  adsnote = {Provided by the SAO/NASA Astrophysics Data System}
}

@ARTICLE{Koss2012ApJ,
   author = {{Koss}, M. and {Mushotzky}, R. and {Treister}, E. and {Veilleux}, S. and 
  {Vasudevan}, R. and {Trippe}, M.},
    title = "{Understanding Dual Active Galactic Nucleus Activation in the nearby Universe}",
  journal = {\apjl},
archivePrefix = "arXiv",
   eprint = {1201.2944},
 primaryClass = "astro-ph.HE",
 keywords = {galaxies: active, galaxies: interactions, X-rays: galaxies},
     year = 2012,
    month = feb,
   volume = 746,
      eid = {L22},
    pages = {L22},
      doi = {10.1088/2041-8205/746/2/L22},
   adsurl = {http://adsabs.harvard.edu/abs/2012ApJ...746L..22K},
  adsnote = {Provided by the SAO/NASA Astrophysics Data System}
}

@ARTICLE{Bournaud2011ApJ,
   author = {{Bournaud}, F. and {Dekel}, A. and {Teyssier}, R. and {Cacciato}, M. and 
	{Daddi}, E. and {Juneau}, S. and {Shankar}, F.},
    title = "{Black Hole Growth and Active Galactic Nuclei Obscuration by Instability-driven Inflows in High-redshift Disk Galaxies Fed by Cold Streams}",
  journal = {\apjl},
archivePrefix = "arXiv",
   eprint = {1107.1483},
 keywords = {galaxies: active, galaxies: formation, galaxies: high-redshift, galaxies: nuclei, X-rays: galaxies},
     year = 2011,
    month = nov,
   volume = 741,
      eid = {L33},
    pages = {L33},
      doi = {10.1088/2041-8205/741/2/L33},
   adsurl = {http://adsabs.harvard.edu/abs/2011ApJ...741L..33B},
  adsnote = {Provided by the SAO/NASA Astrophysics Data System}
}

@ARTICLE{Comerford2011ApJ,
   author = {{Comerford}, J.~M. and {Pooley}, D. and {Gerke}, B.~F. and {Madejski}, G.~M.
	},
    title = "{Chandra Observations of a 1.9 kpc Separation Double X-Ray Source in a Candidate Dual Active Galactic Nucleus Galaxy at z = 0.16}",
  journal = {\apjl},
archivePrefix = "arXiv",
   eprint = {1106.0746},
 primaryClass = "astro-ph.CO",
 keywords = {galaxies: active, galaxies: individual: SDSS J171544.05+600835.7, galaxies: interactions, galaxies: nuclei},
     year = 2011,
    month = aug,
   volume = 737,
      eid = {L19},
    pages = {L19},
      doi = {10.1088/2041-8205/737/1/L19},
   adsurl = {http://adsabs.harvard.edu/abs/2011ApJ...737L..19C},
  adsnote = {Provided by the SAO/NASA Astrophysics Data System}
}

@ARTICLE{Almeida2011MNRAS,
   author = {{Ramos Almeida}, C. and {Tadhunter}, C.~N. and {Inskip}, K.~J. and 
	{Morganti}, R. and {Holt}, J. and {Dicken}, D.},
    title = "{The optical morphologies of the 2 Jy sample of radio galaxies: evidence for galaxy interactions}",
  journal = {\mnras},
archivePrefix = "arXiv",
   eprint = {1008.2683},
 keywords = {galaxies: active, galaxies: interactions, galaxies: nuclei, galaxies: photometry},
     year = 2011,
    month = jan,
   volume = 410,
    pages = {1550-1576},
      doi = {10.1111/j.1365-2966.2010.17542.x},
   adsurl = {http://adsabs.harvard.edu/abs/2011MNRAS.410.1550R},
  adsnote = {Provided by the SAO/NASA Astrophysics Data System}
}

@ARTICLE{Schawinski2011ApJ,
   author = {{Schawinski}, K. and {Treister}, E. and {Urry}, C.~M. and {Cardamone}, C.~N. and 
	{Simmons}, B. and {Yi}, S.~K.},
    title = "{HST WFC3/IR Observations of Active Galactic Nucleus Host Galaxies at z \~{} 2: Supermassive Black Holes Grow in Disk Galaxies}",
  journal = {\apjl},
archivePrefix = "arXiv",
   eprint = {1012.1855},
 primaryClass = "astro-ph.CO",
 keywords = {galaxies: active, galaxies: high-redshift, galaxies: Seyfert},
     year = 2011,
    month = feb,
   volume = 727,
      eid = {L31},
    pages = {L31},
      doi = {10.1088/2041-8205/727/2/L31},
   adsurl = {http://adsabs.harvard.edu/abs/2011ApJ...727L..31S},
  adsnote = {Provided by the SAO/NASA Astrophysics Data System}
}

@ARTICLE{Cisternas2011ApJ,
   author = {{Cisternas}, M. and {Jahnke}, K. and {Inskip}, K.~J. and {Kartaltepe}, J. and 
	{Koekemoer}, A.~M. and {Lisker}, T. and {Robaina}, A.~R. and 
	{Scodeggio}, M. and {Sheth}, K. and {Trump}, J.~R. and {Andrae}, R. and 
	{Miyaji}, T. and {Lusso}, E. and {Brusa}, M. and {Capak}, P. and 
	{Cappelluti}, N. and {Civano}, F. and {Ilbert}, O. and {Impey}, C.~D. and 
	{Leauthaud}, A. and {Lilly}, S.~J. and {Salvato}, M. and {Scoville}, N.~Z. and 
	{Taniguchi}, Y.},
    title = "{The Bulk of the Black Hole Growth Since z \~{} 1 Occurs in a Secular Universe: No Major Merger-AGN Connection}",
  journal = {\apj},
archivePrefix = "arXiv",
   eprint = {1009.3265},
 primaryClass = "astro-ph.CO",
 keywords = {galaxies: active, galaxies: evolution, galaxies: interactions, quasars: general},
     year = 2011,
    month = jan,
   volume = 726,
      eid = {57},
    pages = {57},
      doi = {10.1088/0004-637X/726/2/57},
   adsurl = {http://adsabs.harvard.edu/abs/2011ApJ...726...57C},
  adsnote = {Provided by the SAO/NASA Astrophysics Data System}
}

@ARTICLE{Greene2011ApJ,
  author = {{Greene}, J.~E. and {Zakamska}, N.~L. and {Ho}, L.~C. and {Barth},
  A.~J. },
  title = {{Feedback in Luminous Obscured Quasars}},
  journal = {\apj},
  year = {2011},
  volume = {732},
  pages = {9},
  month = may,
  eid = {9},
  adsnote = {Provided by the SAO/NASA Astrophysics Data System},
  adsurl = {http://adsabs.harvard.edu/abs/2011ApJ...732....9G},
  archiveprefix = {arXiv},
  doi = {10.1088/0004-637X/732/1/9},
  eprint = {1102.2913},
  keywords = {galaxies: active, galaxies: nuclei, galaxies: Seyfert},
  primaryclass = {astro-ph.CO}
}

@ARTICLE{Koss2011ApJL,
  author = {{Koss}, M. and {Mushotzky}, R. and {Treister}, E. and {Veilleux},
  S. and {Vasudevan}, R. and {Miller}, N. and {Sanders}, D.~B. and
  {Schawinski}, K. and {Trippe}, M.},
  title = {{Chandra Discovery of a Binary Active Galactic Nucleus in Mrk 739}},
  journal = {\apjl},
  year = {2011},
  volume = {735},
  pages = {L42},
  month = jul,
  eid = {L42},
  adsnote = {Provided by the SAO/NASA Astrophysics Data System},
  adsurl = {http://adsabs.harvard.edu/abs/2011ApJ...735L..42K},
  archiveprefix = {arXiv},
  doi = {10.1088/2041-8205/735/2/L42},
  eprint = {1106.2163},
  keywords = {galaxies: active, galaxies: individual: Mrk 739, galaxies: interactions,
  X-rays: galaxies},
  primaryclass = {astro-ph.CO}
}

@ARTICLE{Fabbiano2011Natur,
  author = {{Fabbiano}, G. and {Wang}, J. and {Elvis}, M. and {Risaliti}, G.
  },
  title = {{A close nuclear black-hole pair in the spiral galaxy NGC3393}},
  journal = {\nat},
  year = {2011},
  volume = {477},
  pages = {431-434},
  month = sep,
  adsnote = {Provided by the SAO/NASA Astrophysics Data System},
  adsurl = {http://adsabs.harvard.edu/abs/2011Natur.477..431F},
  archiveprefix = {arXiv},
  doi = {10.1038/nature10364},
  eprint = {1109.0483},
  primaryclass = {astro-ph.CO}
}

@ARTICLE{Ellison2011MNRAS,
  author = {{Ellison}, S.~L. and {Patton}, D.~R. and {Mendel}, J.~T. and {Scudder},
  J.~M.},
  title = {{Galaxy pairs in the Sloan Digital Sky Survey - IV. Interactions
  trigger active galactic nuclei}},
  journal = {\mnras},
  year = {2011},
  volume = {418},
  pages = {2043-2053},
  month = dec,
  adsnote = {Provided by the SAO/NASA Astrophysics Data System},
  adsurl = {http://adsabs.harvard.edu/abs/2011MNRAS.418.2043E},
  archiveprefix = {arXiv},
  doi = {10.1111/j.1365-2966.2011.19624.x},
  eprint = {1108.2711},
  keywords = {galaxies: active, galaxies: interactions},
  primaryclass = {astro-ph.CO}
}

@ARTICLE{Wright2010AJ,
   author = {{Wright}, E.~L. and {Eisenhardt}, P.~R.~M. and {Mainzer}, A.~K. and 
	{Ressler}, M.~E. and {Cutri}, R.~M. and {Jarrett}, T. and {Kirkpatrick}, J.~D. and 
	{Padgett}, D. and {McMillan}, R.~S. and {Skrutskie}, M. and 
	{Stanford}, S.~A. and {Cohen}, M. and {Walker}, R.~G. and {Mather}, J.~C. and 
	{Leisawitz}, D. and {Gautier}, III, T.~N. and {McLean}, I. and 
	{Benford}, D. and {Lonsdale}, C.~J. and {Blain}, A. and {Mendez}, B. and 
	{Irace}, W.~R. and {Duval}, V. and {Liu}, F. and {Royer}, D. and 
	{Heinrichsen}, I. and {Howard}, J. and {Shannon}, M. and {Kendall}, M. and 
	{Walsh}, A.~L. and {Larsen}, M. and {Cardon}, J.~G. and {Schick}, S. and 
	{Schwalm}, M. and {Abid}, M. and {Fabinsky}, B. and {Naes}, L. and 
	{Tsai}, C.-W.},
    title = "{The Wide-field Infrared Survey Explorer (WISE): Mission Description and Initial On-orbit Performance}",
  journal = {\aj},
archivePrefix = "arXiv",
   eprint = {1008.0031},
 primaryClass = "astro-ph.IM",
 keywords = {infrared: general, space vehicles, surveys},
     year = 2010,
    month = dec,
   volume = 140,
      eid = {1868},
    pages = {1868-1881},
      doi = {10.1088/0004-6256/140/6/1868},
   adsurl = {http://adsabs.harvard.edu/abs/2010AJ....140.1868W},
  adsnote = {Provided by the SAO/NASA Astrophysics Data System}
}

@ARTICLE{Hobbs2010CQGra,
   author = {{Hobbs}, G. and {Archibald}, A. and {Arzoumanian}, Z. and {Backer}, D. and 
	{Bailes}, M. and {Bhat}, N.~D.~R. and {Burgay}, M. and {Burke-Spolaor}, S. and 
	{Champion}, D. and {Cognard}, I. and {Coles}, W. and {Cordes}, J. and 
	{Demorest}, P. and {Desvignes}, G. and {Ferdman}, R.~D. and 
	{Finn}, L. and {Freire}, P. and {Gonzalez}, M. and {Hessels}, J. and 
	{Hotan}, A. and {Janssen}, G. and {Jenet}, F. and {Jessner}, A. and 
	{Jordan}, C. and {Kaspi}, V. and {Kramer}, M. and {Kondratiev}, V. and 
	{Lazio}, J. and {Lazaridis}, K. and {Lee}, K.~J. and {Levin}, Y. and 
	{Lommen}, A. and {Lorimer}, D. and {Lynch}, R. and {Lyne}, A. and 
	{Manchester}, R. and {McLaughlin}, M. and {Nice}, D. and {Oslowski}, S. and 
	{Pilia}, M. and {Possenti}, A. and {Purver}, M. and {Ransom}, S. and 
	{Reynolds}, J. and {Sanidas}, S. and {Sarkissian}, J. and {Sesana}, A. and 
	{Shannon}, R. and {Siemens}, X. and {Stairs}, I. and {Stappers}, B. and 
	{Stinebring}, D. and {Theureau}, G. and {van Haasteren}, R. and 
	{van Straten}, W. and {Verbiest}, J.~P.~W. and {Yardley}, D.~R.~B. and 
	{You}, X.~P.},
    title = "{The International Pulsar Timing Array project: using pulsars as a gravitational wave detector}",
  journal = {Classical and Quantum Gravity},
archivePrefix = "arXiv",
   eprint = {0911.5206},
 primaryClass = "astro-ph.SR",
     year = 2010,
    month = apr,
   volume = 27,
   number = 8,
      eid = {084013},
    pages = {084013},
      doi = {10.1088/0264-9381/27/8/084013},
   adsurl = {http://adsabs.harvard.edu/abs/2010CQGra..27h4013H},
  adsnote = {Provided by the SAO/NASA Astrophysics Data System}
}

@ARTICLE{Spolaor2011MNRAS,
   author = {{Burke-Spolaor}, S.},
    title = "{A radio Census of binary supermassive black holes}",
  journal = {\mnras},
archivePrefix = "arXiv",
   eprint = {1008.4382},
 primaryClass = "astro-ph.CO",
 keywords = {gravitational waves, methods: analytical, galaxies: active, radio continuum: galaxies},
     year = 2011,
    month = feb,
   volume = 410,
    pages = {2113-2122},
      doi = {10.1111/j.1365-2966.2010.17586.x},
   adsurl = {http://adsabs.harvard.edu/abs/2011MNRAS.410.2113B},
  adsnote = {Provided by the SAO/NASA Astrophysics Data System}
}

@ARTICLE{Colpi&Dotti2011ASL,
   author = {{Colpi}, M. and {Dotti}, M.},
    title = "{Massive Binary Black Holes in the Cosmic Landscape}",
  journal = {Advanced Science Letters},
     year = 2011,
    month = feb,
   volume = 4,
    pages = {181-203},
      doi = {10.1166/asl.2011.1205},
   adsurl = {http://adsabs.harvard.edu/abs/2011ASL.....4..181C},
  adsnote = {Provided by the SAO/NASA Astrophysics Data System}
}

@ARTICLE{Shen2011ApJ,
   author = {{Shen}, Y. and {Liu}, X. and {Greene}, J.~E. and {Strauss}, M.~A.
  },
    title = "{Type 2 Active Galactic Nuclei with Double-peaked [O III] Lines. II. Single AGNs with Complex Narrow-line Region Kinematics are More Common than Binary AGNs}",
  journal = {\apj},
archivePrefix = "arXiv",
   eprint = {1011.5246},
 primaryClass = "astro-ph.CO",
 keywords = {black hole physics, galaxies: active, galaxies: interactions, galaxies: nuclei, galaxies: Seyfert, quasars: general},
     year = 2011,
    month = jul,
   volume = 735,
      eid = {48},
    pages = {48},
      doi = {10.1088/0004-637X/735/1/48},
   adsurl = {http://adsabs.harvard.edu/abs/2011ApJ...735...48S},
  adsnote = {Provided by the SAO/NASA Astrophysics Data System}
}

@ARTICLE{Liu2011ApJ,
   author = {{Liu}, X. and {Shen}, Y. and {Strauss}, M.~A. and {Hao}, L.},
    title = "{Active Galactic Nucleus Pairs from the Sloan Digital Sky Survey. I. The Frequency on \~{}5-100 kpc Scales}",
  journal = {\apj},
archivePrefix = "arXiv",
   eprint = {1104.0950},
 primaryClass = "astro-ph.CO",
 keywords = {black hole physics, galaxies: active, galaxies: interactions, galaxies: nuclei, quasars: general},
     year = 2011,
    month = aug,
   volume = 737,
      eid = {101},
    pages = {101},
      doi = {10.1088/0004-637X/737/2/101},
   adsurl = {http://adsabs.harvard.edu/abs/2011ApJ...737..101L},
  adsnote = {Provided by the SAO/NASA Astrophysics Data System}
}

@ARTICLE{Fu2011ApJb,
   author = {{Fu}, H. and {Zhang}, Z.-Y. and {Assef}, R.~J. and {Stockton}, A. and 
  {Myers}, A.~D. and {Yan}, L. and {Djorgovski}, S.~G. and {Wrobel}, J.~M. and 
  {Riechers}, D.~A.},
    title = "{A Kiloparsec-scale Binary Active Galactic Nucleus Confirmed by the Expanded Very Large Array}",
  journal = {\apjl},
archivePrefix = "arXiv",
   eprint = {1109.0008},
 primaryClass = "astro-ph.CO",
 keywords = {galaxies: active, galaxies: individual: SDSS J150243.1+111557, galaxies: interactions, galaxies: nuclei},
     year = 2011,
    month = oct,
   volume = 740,
      eid = {L44},
    pages = {L44},
      doi = {10.1088/2041-8205/740/2/L44},
   adsurl = {http://adsabs.harvard.edu/abs/2011ApJ...740L..44F},
  adsnote = {Provided by the SAO/NASA Astrophysics Data System}
}

@ARTICLE{Fu2011ApJa,
   author = {{Fu}, H. and {Myers}, A.~D. and {Djorgovski}, S.~G. and {Yan}, L.
  },
    title = "{Mergers in Double-peaked [O III] Active Galactic Nuclei}",
  journal = {\apj},
archivePrefix = "arXiv",
   eprint = {1009.0767},
 primaryClass = "astro-ph.CO",
 keywords = {galaxies: active, galaxies: formation, galaxies: interactions, galaxies: nuclei, quasars: emission lines},
     year = 2011,
    month = jun,
   volume = 733,
      eid = {103},
    pages = {103},
      doi = {10.1088/0004-637X/733/2/103},
   adsurl = {http://adsabs.harvard.edu/abs/2011ApJ...733..103F},
  adsnote = {Provided by the SAO/NASA Astrophysics Data System}
}

@ARTICLE{Yu2011ApJ,
   author = {{Yu}, Q. and {Lu}, Y. and {Mohayaee}, R. and {Colin}, J.},
    title = "{The Low Frequency of Dual Active Galactic Nuclei versus the High Merger Rate of Galaxies: A Phenomenological Model}",
  journal = {\apj},
archivePrefix = "arXiv",
   eprint = {1105.1963},
 primaryClass = "astro-ph.CO",
 keywords = {black hole physics, galaxies: active, galaxies: interactions, galaxies: nuclei, galaxies: Seyfert, quasars: general},
     year = 2011,
    month = sep,
   volume = 738,
      eid = {92},
    pages = {92},
      doi = {10.1088/0004-637X/738/1/92},
   adsurl = {http://adsabs.harvard.edu/abs/2011ApJ...738...92Y},
  adsnote = {Provided by the SAO/NASA Astrophysics Data System}
}

@ARTICLE{Koss2010ApJ,
   author = {{Koss}, M. and {Mushotzky}, R. and {Veilleux}, S. and {Winter}, L.
	},
    title = "{Merging and Clustering of the Swift BAT AGN Sample}",
  journal = {\apjl},
archivePrefix = "arXiv",
   eprint = {1006.0228},
 primaryClass = "astro-ph.CO",
 keywords = {galaxies: active, galaxies: interactions, X-rays: galaxies},
     year = 2010,
    month = jun,
   volume = 716,
    pages = {L125-L130},
      doi = {10.1088/2041-8205/716/2/L125},
   adsurl = {http://adsabs.harvard.edu/abs/2010ApJ...716L.125K},
  adsnote = {Provided by the SAO/NASA Astrophysics Data System}
}

@ARTICLE{Civano2010ApJ,
  author = {{Civano}, F. and {Elvis}, M. and {Lanzuisi}, G. and {Jahnke}, K.
  and {Zamorani}, G. and {Blecha}, L. and {Bongiorno}, A. and {Brusa},
  M. and {Comastri}, A. and {Hao}, H. and {Leauthaud}, A. and {Loeb},
  A. and {Mainieri}, V. and {Piconcelli}, E. and {Salvato}, M. and
  {Scoville}, N. and {Trump}, J. and {Vignali}, C. and {Aldcroft},
  T. and {Bolzonella}, M. and {Bressert}, E. and {Finoguenov}, A. and
  {Fruscione}, A. and {Koekemoer}, A.~M. and {Cappelluti}, N. and {Fiore},
  F. and {Giodini}, S. and {Gilli}, R. and {Impey}, C.~D. and {Lilly},
  S.~J. and {Lusso}, E. and {Puccetti}, S. and {Silverman}, J.~D. and
  {Aussel}, H. and {Capak}, P. and {Frayer}, D. and {Le Floch}, E.
  and {McCracken}, H.~J. and {Sanders}, D.~B. and {Schiminovich}, D.
  and {Taniguchi}, Y.},
  title = {{A Runaway Black Hole in COSMOS: Gravitational Wave or Slingshot
  Recoil?}},
  journal = {\apj},
  year = {2010},
  volume = {717},
  pages = {209-222},
  month = jul,
  adsnote = {Provided by the SAO/NASA Astrophysics Data System},
  adsurl = {http://adsabs.harvard.edu/abs/2010ApJ...717..209C},
  archiveprefix = {arXiv},
  doi = {10.1088/0004-637X/717/1/209},
  eprint = {1003.0020},
  keywords = {galaxies: active, galaxies: formation, galaxies: interactions, galaxies:
  nuclei, quasars: absorption lines},
  primaryclass = {astro-ph.CO}
}

@ARTICLE{Green2010ApJ,
  author = {{Green}, P.~J. and {Myers}, A.~D. and {Barkhouse}, W.~A. and {Mulchaey},
  J.~S. and {Bennert}, V.~N. and {Cox}, T.~J. and {Aldcroft}, T.~L.},
  title = {{SDSS J1254+0846: A Binary Quasar Caught in the Act of Merging}},
  journal = {\apj},
  year = {2010},
  volume = {710},
  pages = {1578-1588},
  month = feb,
  adsnote = {Provided by the SAO/NASA Astrophysics Data System},
  adsurl = {http://adsabs.harvard.edu/abs/2010ApJ...710.1578G},
  archiveprefix = {arXiv},
  doi = {10.1088/0004-637X/710/2/1578},
  eprint = {1001.1738},
  keywords = {black hole physics, galaxies: active, galaxies: interactions, galaxies:
  nuclei, quasars: emission lines }
}

@ARTICLE{Piconcelli2010ApJL,
  author = {{Piconcelli}, E. and {Vignali}, C. and {Bianchi}, S. and {Mathur},
  S. and {Fiore}, F. and {Guainazzi}, M. and {Lanzuisi}, G. and {Maiolino},
  R. and {Nicastro}, F.},
  title = {{Witnessing the Key Early Phase of Quasar Evolution: An Obscured
  Active Galactic Nucleus Pair in the Interacting Galaxy IRAS 20210+1121}},
  journal = {\apjl},
  year = {2010},
  volume = {722},
  pages = {L147-L151},
  month = oct,
  adsnote = {Provided by the SAO/NASA Astrophysics Data System},
  adsurl = {http://adsabs.harvard.edu/abs/2010ApJ...722L.147P},
  archiveprefix = {arXiv},
  doi = {10.1088/2041-8205/722/2/L147},
  eprint = {1008.3987},
  keywords = {galaxies: active, galaxies: interactions, galaxies: nuclei, X-rays:
  individual: IRAS 20210+1121},
  primaryclass = {astro-ph.CO}
}

@ARTICLE{Liu2010ApJL,
   author = {{Liu}, X. and {Greene}, J.~E. and {Shen}, Y. and {Strauss}, M.~A.
  },
    title = "{Discovery of Four kpc-scale Binary Active Galactic Nuclei}",
  journal = {\apjl},
archivePrefix = "arXiv",
   eprint = {1003.3467},
 primaryClass = "astro-ph.CO",
 keywords = {black hole physics, galaxies: active, galaxies: interactions, galaxies: nuclei, galaxies: Seyfert, quasars: general},
     year = 2010,
    month = may,
   volume = 715,
    pages = {L30-L34},
      doi = {10.1088/2041-8205/715/1/L30},
   adsurl = {http://adsabs.harvard.edu/abs/2010ApJ...715L..30L},
  adsnote = {Provided by the SAO/NASA Astrophysics Data System}
}

@ARTICLE{Liu2010ApJ,
   author = {{Liu}, X. and {Shen}, Y. and {Strauss}, M.~A. and {Greene}, J.~E.
  },
    title = "{Type 2 Active Galactic Nuclei with Double-Peaked [O III] Lines: Narrow-Line Region Kinematics or Merging Supermassive Black Hole Pairs?}",
  journal = {\apj},
archivePrefix = "arXiv",
   eprint = {0908.2426},
 primaryClass = "astro-ph.CO",
 keywords = {black hole physics, cosmology: observations, galaxies: active, quasars: general, surveys},
     year = 2010,
    month = jan,
   volume = 708,
    pages = {427-434},
      doi = {10.1088/0004-637X/708/1/427},
   adsurl = {http://adsabs.harvard.edu/abs/2010ApJ...708..427L},
  adsnote = {Provided by the SAO/NASA Astrophysics Data System}
}

@ARTICLE{Smith2010ApJ,
   author = {{Smith}, K.~L. and {Shields}, G.~A. and {Bonning}, E.~W. and 
  {McMullen}, C.~C. and {Rosario}, D.~J. and {Salviander}, S.},
    title = "{A Search for Binary Active Galactic Nuclei: Double-peaked [O III] AGNs in the Sloan Digital Sky Survey}",
  journal = {\apj},
archivePrefix = "arXiv",
   eprint = {0908.1998},
 keywords = {black hole physics, galaxies: active, quasars: general},
     year = 2010,
    month = jun,
   volume = 716,
    pages = {866-877},
      doi = {10.1088/0004-637X/716/1/866},
   adsurl = {http://adsabs.harvard.edu/abs/2010ApJ...716..866S},
  adsnote = {Provided by the SAO/NASA Astrophysics Data System}
}

@ARTICLE{Peng2010AJ,
   author = {{Peng}, C.~Y. and {Ho}, L.~C. and {Impey}, C.~D. and {Rix}, H.-W.
  },
    title = "{Detailed Decomposition of Galaxy Images. II. Beyond Axisymmetric Models}",
  journal = {\aj},
archivePrefix = "arXiv",
   eprint = {0912.0731},
 primaryClass = "astro-ph.CO",
 keywords = {galaxies: bulges, galaxies: fundamental parameters, galaxies: structure, techniques: image processing, techniques: photometric},
     year = 2010,
    month = jun,
   volume = 139,
    pages = {2097-2129},
      doi = {10.1088/0004-6256/139/6/2097},
   adsurl = {http://adsabs.harvard.edu/abs/2010AJ....139.2097P},
  adsnote = {Provided by the SAO/NASA Astrophysics Data System}
}

@ARTICLE{Desroches2009ApJ,
   author = {{Desroches}, L.-B. and {Greene}, J.~E. and {Ho}, L.~C.},
    title = "{X-Ray Properties of Intermediate-Mass Black Holes in Active Galaxies. II. X-Ray-Bright Accretion and Possible Evidence for Slim Disks}",
  journal = {\apj},
archivePrefix = "arXiv",
   eprint = {0903.2257},
 primaryClass = "astro-ph.GA",
 keywords = {galaxies: active, galaxies: nuclei, galaxies: Seyfert, galaxies: statistics, X-rays: galaxies},
     year = 2009,
    month = jun,
   volume = 698,
    pages = {1515-1522},
      doi = {10.1088/0004-637X/698/2/1515},
   adsurl = {http://adsabs.harvard.edu/abs/2009ApJ...698.1515D},
  adsnote = {Provided by the SAO/NASA Astrophysics Data System}
}

@ARTICLE{Hopkins2009ApJ,
   author = {{Hopkins}, P.~F. and {Cox}, T.~J. and {Younger}, J.~D. and {Hernquist}, L.
	},
    title = "{How do Disks Survive Mergers?}",
  journal = {\apj},
archivePrefix = "arXiv",
   eprint = {0806.1739},
 keywords = {galaxies: active, galaxies: evolution, cosmology: theory},
     year = 2009,
    month = feb,
   volume = 691,
    pages = {1168-1201},
      doi = {10.1088/0004-637X/691/2/1168},
   adsurl = {http://adsabs.harvard.edu/abs/2009ApJ...691.1168H},
  adsnote = {Provided by the SAO/NASA Astrophysics Data System}
}

@ARTICLE{Lamastra2009A&A,
   author = {{Lamastra}, A. and {Bianchi}, S. and {Matt}, G. and {Perola}, G.~C. and 
	{Barcons}, X. and {Carrera}, F.~J.},
    title = "{The bolometric luminosity of type 2 AGN from extinction-corrected [OIII]. No evidence of Eddington-limited sources}",
  journal = {\aap},
archivePrefix = "arXiv",
   eprint = {0905.4439},
 keywords = {galaxies: active, galaxies: Seyfert, X-rays: galaxies},
     year = 2009,
    month = sep,
   volume = 504,
    pages = {73-79},
      doi = {10.1051/0004-6361/200912023},
   adsurl = {http://adsabs.harvard.edu/abs/2009A%26A...504...73L},
  adsnote = {Provided by the SAO/NASA Astrophysics Data System}
}

@ARTICLE{Gabor2009ApJ,
   author = {{Gabor}, J.~M. and {Impey}, C.~D. and {Jahnke}, K. and {Simmons}, B.~D. and 
	{Trump}, J.~R. and {Koekemoer}, A.~M. and {Brusa}, M. and {Cappelluti}, N. and 
	{Schinnerer}, E. and {Smol{\v c}i{\'c}}, V. and {Salvato}, M. and 
	{Rhodes}, J.~D. and {Mobasher}, B. and {Capak}, P. and {Massey}, R. and 
	{Leauthaud}, A. and {Scoville}, N.},
    title = "{Active Galactic Nucleus Host Galaxy Morphologies in COSMOS}",
  journal = {\apj},
archivePrefix = "arXiv",
   eprint = {0809.0309},
 keywords = {galaxies: active, galaxies: evolution, galaxies: interactions, galaxies: structure},
     year = 2009,
    month = jan,
   volume = 691,
    pages = {705-722},
      doi = {10.1088/0004-637X/691/1/705},
   adsurl = {http://adsabs.harvard.edu/abs/2009ApJ...691..705G},
  adsnote = {Provided by the SAO/NASA Astrophysics Data System}
}

@ARTICLE{Xu2009ApJL,
  author = {{Xu}, D. and {Komossa}, S.},
  title = {{Narrow Double-Peaked Emission Lines of SDSS J131642.90+175332.5:
  Signature of a Single or a Binary AGN in a Merger, Jet-Cloud Interaction,
  or Unusual Narrow-Line Region Geometry}},
  journal = {\apjl},
  year = {2009},
  volume = {705},
  pages = {L20-L24},
  month = nov,
  adsnote = {Provided by the SAO/NASA Astrophysics Data System},
  adsurl = {http://adsabs.harvard.edu/abs/2009ApJ...705L..20X},
  archiveprefix = {arXiv},
  doi = {10.1088/0004-637X/705/1/L20},
  eprint = {0908.3140},
  keywords = {galaxies: active, galaxies: evolution, galaxies: individual: SDSS
  J131642.90+175332.5, quasars: emission lines}
}

@ARTICLE{Wang2009ApJL,
  author = {{Wang}, {J.-M.} and {Chen}, {Y.-M.} and {Hu}, C. and {Mao}, {W.-M.}
  and {Zhang}, S. and {Bian}, {W.-H.}},
  title = {{Active Galactic Nuclei with Double-Peaked Narrow Lines: Are they
  Dual Active Galactic Nuclei?}},
  journal = {\apjl},
  year = {2009},
  volume = {705},
  pages = {L76-L80},
  month = nov,
  adsnote = {Provided by the SAO/NASA Astrophysics Data System},
  adsurl = {http://adsabs.harvard.edu/abs/2009ApJ...705L..76W},
  doi = {10.1088/0004-637X/705/1/L76},
  keywords = {black hole physics, galaxies: evolution}
}

@ARTICLE{Comerford2009ApJL,
  author = {{Comerford}, J.~M. and {Griffith}, R.~L. and {Gerke}, B.~F. and {Cooper},
  M.~C. and {Newman}, J.~A. and {Davis}, M. and {Stern}, D. },
  title = "{1.75 h $^{-1}$ kpc Separation Dual Active Galactic Nuclei at z = 0.36 
  in the Cosmos Field}",
  journal = {\apjl},
  year = {2009},
  volume = {702},
  pages = {L82-L86},
  month = sep,
  adsnote = {Provided by the SAO/NASA Astrophysics Data System},
  adsurl = {http://adsabs.harvard.edu/abs/2009ApJ...702L..82C},
  doi = {10.1088/0004-637X/702/1/L82},
  keywords = {galaxies: active, galaxies: individual: COSMOS J100043.15+020637.2,
  galaxies: interactions, galaxies: nuclei }
}

@ARTICLE{Abazajian2009ApJS,
   author = {{Abazajian}, K.~N. and {Adelman-McCarthy}, J.~K. and {Ag{\"u}eros}, M.~A. and 
  {Allam}, S.~S. and {Allende Prieto}, C. and {An}, D. and {Anderson}, K.~S.~J. and 
  {Anderson}, S.~F. and {Annis}, J. and {Bahcall}, N.~A. and et al.},
    title = "{The Seventh Data Release of the Sloan Digital Sky Survey}",
  journal = {\apjs},
archivePrefix = "arXiv",
   eprint = {0812.0649},
 keywords = {atlases, catalogs, surveys},
     year = 2009,
    month = jun,
   volume = 182,
      eid = {543},
    pages = {543-558},
      doi = {10.1088/0067-0049/182/2/543},
   adsurl = {http://adsabs.harvard.edu/abs/2009ApJS..182..543A},
  adsnote = {Provided by the SAO/NASA Astrophysics Data System}
}

@ARTICLE{Kormendy2009ApJS,
   author = {{Kormendy}, J. and {Fisher}, D.~B. and {Cornell}, M.~E. and 
  {Bender}, R.},
    title = "{Structure and Formation of Elliptical and Spheroidal Galaxies}",
  journal = {\apjs},
archivePrefix = "arXiv",
   eprint = {0810.1681},
 keywords = {galaxies: elliptical and lenticular, cD, galaxies: evolution, galaxies: formation, galaxies: nuclei, galaxies: photometry, galaxies: structure},
     year = 2009,
    month = may,
   volume = 182,
    pages = {216-309},
      doi = {10.1088/0067-0049/182/1/216},
   adsurl = {http://adsabs.harvard.edu/abs/2009ApJS..182..216K},
  adsnote = {Provided by the SAO/NASA Astrophysics Data System}
}

@ARTICLE{Comerford2009ApJ,
  author = {{Comerford}, J.~M. and {Gerke}, B.~F. and {Newman}, J.~A. and {Davis},
  M. and {Yan}, R. and {Cooper}, M.~C. and {Faber}, S.~M. and {Koo},
  D.~C. and {Coil}, A.~L. and {Rosario}, D.~J. and {Dutton}, A.~A.
  },
  title = {{Inspiralling Supermassive Black Holes: A New Signpost for Galaxy
  Mergers}},
  journal = {\apj},
  year = {2009},
  volume = {698},
  pages = {956-965},
  month = jun,
  adsnote = {Provided by the SAO/NASA Astrophysics Data System},
  adsurl = {http://adsabs.harvard.edu/abs/2009ApJ...698..956C},
  archiveprefix = {arXiv},
  doi = {10.1088/0004-637X/698/1/956},
  eprint = {0810.3235},
  keywords = {galaxies: active, galaxies: interactions, galaxies: nuclei, galaxies:
  Seyfert }
}

@ARTICLE{Ho2008ARA&A,
   author = {{Ho}, L.~C.},
    title = "{Nuclear Activity in Nearby Galaxies}",
  journal = {\araa},
archivePrefix = "arXiv",
   eprint = {0803.2268},
     year = 2008,
    month = sep,
   volume = 46,
    pages = {475-539},
      doi = {10.1146/annurev.astro.45.051806.110546},
   adsurl = {http://adsabs.harvard.edu/abs/2008ARA%26A..46..475H},
  adsnote = {Provided by the SAO/NASA Astrophysics Data System}
}

@ARTICLE{Horst2008A&A,
   author = {{Horst}, H. and {Gandhi}, P. and {Smette}, A. and {Duschl}, W.~J.
	},
    title = "{The mid IR - hard X-ray correlation in AGN and its implications for dusty torus models}",
  journal = {\aap},
archivePrefix = "arXiv",
   eprint = {0711.3734},
 keywords = {galaxies: active, infrared: galaxies, X-rays: galaxies},
     year = 2008,
    month = feb,
   volume = 479,
    pages = {389-396},
      doi = {10.1051/0004-6361:20078548},
   adsurl = {http://adsabs.harvard.edu/abs/2008A%26A...479..389H},
  adsnote = {Provided by the SAO/NASA Astrophysics Data System}
}

@ARTICLE{Ellison2008AJ,
   author = {{Ellison}, S.~L. and {Patton}, D.~R. and {Simard}, L. and {McConnachie}, A.~W.
	},
    title = "{Galaxy Pairs in the Sloan Digital Sky Survey. I. Star Formation, Active Galactic Nucleus Fraction, and the Mass-Metallicity Relation}",
  journal = {\aj},
archivePrefix = "arXiv",
   eprint = {0803.0161},
 keywords = {galaxies: abundances, galaxies: ISM},
     year = 2008,
    month = may,
   volume = 135,
    pages = {1877-1899},
      doi = {10.1088/0004-6256/135/5/1877},
   adsurl = {http://adsabs.harvard.edu/abs/2008AJ....135.1877E},
  adsnote = {Provided by the SAO/NASA Astrophysics Data System}
}

@ARTICLE{Urrutia2008ApJ,
   author = {{Urrutia}, T. and {Lacy}, M. and {Becker}, R.~H.},
    title = "{Evidence for Quasar Activity Triggered by Galaxy Mergers in HST Observations of Dust-reddened Quasars}",
  journal = {\apj},
archivePrefix = "arXiv",
   eprint = {0709.2805},
 keywords = {Galaxies: Active, Galaxies: Evolution, Galaxies: Interactions, Galaxies: Quasars: General},
     year = 2008,
    month = feb,
   volume = 674,
    pages = {80-96},
      doi = {10.1086/523959},
   adsurl = {http://adsabs.harvard.edu/abs/2008ApJ...674...80U},
  adsnote = {Provided by the SAO/NASA Astrophysics Data System}
}

@ARTICLE{Barth2008ApJL,
  author = {{Barth}, A.~J. and {Bentz}, M.~C. and {Greene}, J.~E. and {Ho}, L.~C.
  },
  title = {{An Offset Seyfert 2 Nucleus in the Minor Merger System NGC 3341}},
  journal = {\apjl},
  year = {2008},
  volume = {683},
  pages = {L119-L122},
  month = aug,
  adsnote = {Provided by the SAO/NASA Astrophysics Data System},
  adsurl = {http://adsabs.harvard.edu/abs/2008ApJ...683L.119B},
  archiveprefix = {arXiv},
  doi = {10.1086/591905},
  eprint = {0807.3314},
  keywords = {Galaxies: Active, galaxies: individual (NGC 3341), Galaxies: Interactions,
  Galaxies: Nuclei, Galaxies: Seyfert}
}

@ARTICLE{Bianchi2008MNRAS,
  author = {{Bianchi}, S. and {Chiaberge}, M. and {Piconcelli}, E. and {Guainazzi},
  M. and {Matt}, G.},
  title = {{Chandra unveils a binary active galactic nucleus in Mrk 463}},
  journal = {\mnras},
  year = {2008},
  volume = {386},
  pages = {105-110},
  month = may,
  adsnote = {Provided by the SAO/NASA Astrophysics Data System},
  adsurl = {http://adsabs.harvard.edu/abs/2008MNRAS.386..105B},
  archiveprefix = {arXiv},
  doi = {10.1111/j.1365-2966.2008.13078.x},
  eprint = {0802.0825}
}

@ARTICLE{Hopkins2008ApJS,
   author = {{Hopkins}, P.~F. and {Hernquist}, L. and {Cox}, T.~J. and {Kere{\v s}}, D.
  },
    title = "{A Cosmological Framework for the Co-Evolution of Quasars, Supermassive Black Holes, and Elliptical Galaxies. I. Galaxy Mergers and Quasar Activity}",
  journal = {\apjs},
archivePrefix = "arXiv",
   eprint = {0706.1243},
 keywords = {Cosmology: Theory, Galaxies: Active, Galaxies: Evolution, Galaxies: Quasars: General},
     year = 2008,
    month = apr,
   volume = 175,
    pages = {356-389},
      doi = {10.1086/524362},
   adsurl = {http://adsabs.harvard.edu/abs/2008ApJS..175..356H},
  adsnote = {Provided by the SAO/NASA Astrophysics Data System}
}

@ARTICLE{Mayer2007Sci,
   author = {{Mayer}, L. and {Kazantzidis}, S. and {Madau}, P. and {Colpi}, M. and 
	{Quinn}, T. and {Wadsley}, J.},
    title = "{Rapid Formation of Supermassive Black Hole Binaries in Galaxy Mergers with Gas}",
  journal = {Science},
archivePrefix = "arXiv",
   eprint = {0706.1562},
     year = 2007,
    month = jun,
   volume = 316,
    pages = {1874-},
      doi = {10.1126/science.1141858},
   adsurl = {http://adsabs.harvard.edu/abs/2007Sci...316.1874M},
  adsnote = {Provided by the SAO/NASA Astrophysics Data System}
}

@ARTICLE{Blanton&Roweis2007AJ,
   author = {{Blanton}, M.~R. and {Roweis}, S.},
    title = "{K-Corrections and Filter Transformations in the Ultraviolet, Optical, and Near-Infrared}",
  journal = {\aj},
   eprint = {astro-ph/0606170},
 keywords = {galaxies: fundamental parameters, galaxies: photometry, galaxies: statistics},
     year = 2007,
    month = feb,
   volume = 133,
    pages = {734-754},
      doi = {10.1086/510127},
   adsurl = {http://adsabs.harvard.edu/abs/2007AJ....133..734B},
  adsnote = {Provided by the SAO/NASA Astrophysics Data System}
}

@ARTICLE{Gerke2007ApJL,
  author = {{Gerke}, B.~F. and {Newman}, J.~A. and {Lotz}, J. and {Yan}, R. and
  {Barmby}, P. and {Coil}, A.~L. and {Conselice}, C.~J. and {Ivison},
  R.~J. and {Lin}, L. and {Koo}, D.~C. and {Nandra}, K. and {Salim},
  S. and {Small}, T. and {Weiner}, B.~J. and {Cooper}, M.~C. and {Davis},
  M. and {Faber}, S.~M. and {Guhathakurta}, P.},
  title = {{The DEEP2 Galaxy Redshift Survey: AEGIS Observations of a Dual AGN
  at z = 0.7}},
  journal = {\apjl},
  year = {2007},
  volume = {660},
  pages = {L23-L26},
  month = may,
  adsnote = {Provided by the SAO/NASA Astrophysics Data System},
  adsurl = {http://adsabs.harvard.edu/abs/2007ApJ...660L..23G},
  doi = {10.1086/517968},
  eprint = {arXiv:astro-ph/0608380},
  keywords = {Galaxies: Active, Galaxies: Nuclei}
}

@ARTICLE{Shemmer2006ApJ,
   author = {{Shemmer}, O. and {Brandt}, W.~N. and {Netzer}, H. and {Maiolino}, R. and 
	{Kaspi}, S.},
    title = "{The Hard X-Ray Spectral Slope as an Accretion Rate Indicator in Radio-quiet Active Galactic Nuclei}",
  journal = {\apjl},
   eprint = {astro-ph/0606389},
 keywords = {Galaxies: Active, Galaxies: Nuclei, Galaxies: Quasars: Emission Lines, quasars: individual (Q1346-036), Galaxies: Quasars: Individual: Alphanumeric: HE 2217-2818, X-Rays: Galaxies},
     year = 2006,
    month = jul,
   volume = 646,
    pages = {L29-L32},
      doi = {10.1086/506911},
   adsurl = {http://adsabs.harvard.edu/abs/2006ApJ...646L..29S},
  adsnote = {Provided by the SAO/NASA Astrophysics Data System}
}

@ARTICLE{Robertson2006ApJ,
   author = {{Robertson}, B. and {Bullock}, J.~S. and {Cox}, T.~J. and {Di Matteo}, T. and 
	{Hernquist}, L. and {Springel}, V. and {Yoshida}, N.},
    title = "{A Merger-driven Scenario for Cosmological Disk Galaxy Formation}",
  journal = {\apj},
   eprint = {astro-ph/0503369},
 keywords = {Galaxies: Evolution, Galaxies: Formation},
     year = 2006,
    month = jul,
   volume = 645,
    pages = {986-1000},
      doi = {10.1086/504412},
   adsurl = {http://adsabs.harvard.edu/abs/2006ApJ...645..986R},
  adsnote = {Provided by the SAO/NASA Astrophysics Data System}
}

@ARTICLE{Hudson2006A&A,
  author = {{Hudson}, D.~S. and {Reiprich}, T.~H. and {Clarke}, T.~E. and {Sarazin},
  C.~L.},
  title = {{X-ray detection of the proto supermassive binary black hole at the
  centre of Abell 400}},
  journal = {\aap},
  year = {2006},
  volume = {453},
  pages = {433-446},
  month = jul,
  adsnote = {Provided by the SAO/NASA Astrophysics Data System},
  adsurl = {http://adsabs.harvard.edu/abs/2006A%26A...453..433H},
  doi = {10.1051/0004-6361:20064955},
  eprint = {arXiv:astro-ph/0603272},
  keywords = {galaxies: clusters: individual: Abell 400, galaxies: individual: 3C
  75, X-rays: galaxies: clusters, galaxies: active, galaxies: jets,
  radio continuum: galaxies}
}

@ARTICLE{Skrutskie2006AJ,
   author = {{Skrutskie}, M.~F. and {Cutri}, R.~M. and {Stiening}, R. and 
  {Weinberg}, M.~D. and {Schneider}, S. and {Carpenter}, J.~M. and 
  {Beichman}, C. and {Capps}, R. and {Chester}, T. and {Elias}, J. and 
  {Huchra}, J. and {Liebert}, J. and {Lonsdale}, C. and {Monet}, D.~G. and 
  {Price}, S. and {Seitzer}, P. and {Jarrett}, T. and {Kirkpatrick}, J.~D. and 
  {Gizis}, J.~E. and {Howard}, E. and {Evans}, T. and {Fowler}, J. and 
  {Fullmer}, L. and {Hurt}, R. and {Light}, R. and {Kopan}, E.~L. and 
  {Marsh}, K.~A. and {McCallon}, H.~L. and {Tam}, R. and {Van Dyk}, S. and 
  {Wheelock}, S.},
    title = "{The Two Micron All Sky Survey (2MASS)}",
  journal = {\aj},
 keywords = {Catalogs, Infrared: General, Surveys},
     year = 2006,
    month = feb,
   volume = 131,
    pages = {1163-1183},
      doi = {10.1086/498708},
   adsurl = {http://adsabs.harvard.edu/abs/2006AJ....131.1163S},
  adsnote = {Provided by the SAO/NASA Astrophysics Data System}
}

@ARTICLE{Grogin2005ApJ,
   author = {{Grogin}, N.~A. and {Conselice}, C.~J. and {Chatzichristou}, E. and 
	{Alexander}, D.~M. and {Bauer}, F.~E. and {Hornschemeier}, A.~E. and 
	{Jogee}, S. and {Koekemoer}, A.~M. and {Laidler}, V.~G. and 
	{Livio}, M. and {Lucas}, R.~A. and {Paolillo}, M. and {Ravindranath}, S. and 
	{Schreier}, E.~J. and {Simmons}, B.~D. and {Urry}, C.~M.},
    title = "{AGN Host Galaxies at z\~{}0.4-1.3: Bulge-dominated and Lacking Merger-AGN Connection}",
  journal = {\apjl},
   eprint = {astro-ph/0507091},
 keywords = {Galaxies: Active, Galaxies: Structure, Surveys, X-Rays: Galaxies},
     year = 2005,
    month = jul,
   volume = 627,
    pages = {L97-L100},
      doi = {10.1086/432256},
   adsurl = {http://adsabs.harvard.edu/abs/2005ApJ...627L..97G},
  adsnote = {Provided by the SAO/NASA Astrophysics Data System}
}

@ARTICLE{Guainazzi2005A&A,
  author = {{Guainazzi}, M. and {Piconcelli}, E. and {Jim{\'e}nez-Bail{\'o}n},
  E. and {Matt}, G.},
  title = {{The early stage of a cosmic collision? XMM-Newton unveils two obscured
  AGN in the galaxy pair ESO509-IG066}},
  journal = {\aap},
  year = {2005},
  volume = {429},
  pages = {L9-L12},
  month = jan,
  adsnote = {Provided by the SAO/NASA Astrophysics Data System},
  adsurl = {http://adsabs.harvard.edu/abs/2005A%26A...429L...9G},
  doi = {10.1051/0004-6361:200400104},
  eprint = {arXiv:astro-ph/0411435},
  keywords = {galaxies: interactions, galaxies: Seyfert, galaxies: individual: ESO509-IG066,
  X-rays: galaxies}
}

@ARTICLE{Hopkins2005ApJ,
   author = {{Hopkins}, P.~F. and {Hernquist}, L. and {Cox}, T.~J. and {Di Matteo}, T. and 
  {Martini}, P. and {Robertson}, B. and {Springel}, V.},
    title = "{Black Holes in Galaxy Mergers: Evolution of Quasars}",
  journal = {\apj},
   eprint = {astro-ph/0504190},
 keywords = {Cosmology: Theory, Galaxies: Active, Galaxies: Evolution, Galaxies: Nuclei, Galaxies: Quasars: General},
     year = 2005,
    month = sep,
   volume = 630,
    pages = {705-715},
      doi = {10.1086/432438},
   adsurl = {http://adsabs.harvard.edu/abs/2005ApJ...630..705H},
  adsnote = {Provided by the SAO/NASA Astrophysics Data System}
}

@ARTICLE{Merritt2005LRR,
   author = {{Merritt}, D. and {Milosavljevi{\'c}}, M.},
    title = "{Massive Black Hole Binary Evolution}",
  journal = {Living Reviews in Relativity},
   eprint = {astro-ph/0410364},
     year = 2005,
    month = nov,
   volume = 8,
    pages = {8},
      doi = {10.12942/lrr-2005-8},
   adsurl = {http://adsabs.harvard.edu/abs/2005LRR.....8....8M},
  adsnote = {Provided by the SAO/NASA Astrophysics Data System}
}

@ARTICLE{Heckman2004ApJ,
   author = {{Heckman}, T.~M. and {Kauffmann}, G. and {Brinchmann}, J. and 
	{Charlot}, S. and {Tremonti}, C. and {White}, S.~D.~M.},
    title = "{Present-Day Growth of Black Holes and Bulges: The Sloan Digital Sky Survey Perspective}",
  journal = {\apj},
   eprint = {astro-ph/0406218},
 keywords = {Galaxies: Active, Galaxies: Bulges, Galaxies: Evolution, Galaxies: Nuclei, Galaxies: Stellar Content},
     year = 2004,
    month = sep,
   volume = 613,
    pages = {109-118},
      doi = {10.1086/422872},
   adsurl = {http://adsabs.harvard.edu/abs/2004ApJ...613..109H},
  adsnote = {Provided by the SAO/NASA Astrophysics Data System}
}

@ARTICLE{Zhou2004ApJL,
  author = {{Zhou}, H. and {Wang}, T. and {Zhang}, X. and {Dong}, X. and {Li},
  C.},
  title = {{Obscured Binary Quasar Cores in SDSS J104807.74+005543.5?}},
  journal = {\apjl},
  year = {2004},
  volume = {604},
  pages = {L33-L36},
  month = mar,
  adsnote = {Provided by the SAO/NASA Astrophysics Data System},
  adsurl = {http://adsabs.harvard.edu/abs/2004ApJ...604L..33Z},
  doi = {10.1086/383310},
  eprint = {arXiv:astro-ph/0411167},
  keywords = {Black Hole Physics, Galaxies: Active, Galaxies: Individual: Alphanumeric:
  SDSS J1048+0055, Galaxies: Quasars: Emission Lines, Radio Continuum:
  Galaxies}
}

@ARTICLE{Ballo2004ApJ,
  author = {{Ballo}, L. and {Braito}, V. and {Della Ceca}, R. and {Maraschi},
  L. and {Tavecchio}, F. and {Dadina}, M.},
  title = {{Arp 299: A Second Merging System with Two Active Nuclei?}},
  journal = {\apj},
  year = {2004},
  volume = {600},
  pages = {634-639},
  month = jan,
  adsnote = {Provided by the SAO/NASA Astrophysics Data System},
  adsurl = {http://adsabs.harvard.edu/abs/2004ApJ...600..634B},
  doi = {10.1086/379887},
  eprint = {arXiv:astro-ph/0306436},
  keywords = {Galaxies: Active, Galaxies: Individual: Name: Arp 299, Galaxies: Individual:
  Alphanumeric: IC 694, Galaxies: Individual: NGC Number: NGC 3690,
  Galaxies: Starburst, X-Rays: Galaxies}
}

@INPROCEEDINGS{Martini2004SPIE,
   author = {{Martini}, P. and {Persson}, S.~E. and {Murphy}, D.~C. and {Birk}, C. and 
  {Shectman}, S.~A. and {Gunnels}, S.~M. and {Koch}, E.},
    title = "{PANIC: a near-infrared camera for the Magellan telescopes}",
booktitle = {Ground-based Instrumentation for Astronomy},
     year = 2004,
   volume = 5492,
   eprint = {astro-ph/0406666},
    month = sep,
    pages = {1653-1660},
      doi = {10.1117/12.551828},
   adsurl = {http://adsabs.harvard.edu/abs/2004SPIE.5492.1653M},
  adsnote = {Provided by the SAO/NASA Astrophysics Data System}
}

@ARTICLE{Kauffmann2003MNRAS,
   author = {{Kauffmann}, G. and {Heckman}, T.~M. and {Tremonti}, C. and 
	{Brinchmann}, J. and {Charlot}, S. and {White}, S.~D.~M. and 
	{Ridgway}, S.~E. and {Brinkmann}, J. and {Fukugita}, M. and 
	{Hall}, P.~B. and {Ivezi{\'c}}, {\v Z}. and {Richards}, G.~T. and 
	{Schneider}, D.~P.},
    title = "{The host galaxies of active galactic nuclei}",
  journal = {\mnras},
   eprint = {astro-ph/0304239},
 keywords = {galaxies: active, galaxies: Seyfert, galaxies: starburst, galaxies: stellar content, galaxies: structure},
     year = 2003,
    month = dec,
   volume = 346,
    pages = {1055-1077},
      doi = {10.1111/j.1365-2966.2003.07154.x},
   adsurl = {http://adsabs.harvard.edu/abs/2003MNRAS.346.1055K},
  adsnote = {Provided by the SAO/NASA Astrophysics Data System}
}

@ARTICLE{Komossa2003ApJL,
  author = {{Komossa}, S. and {Burwitz}, V. and {Hasinger}, G. and {Predehl},
  P. and {Kaastra}, J.~S. and {Ikebe}, Y.},
  title = {{Discovery of a Binary Active Galactic Nucleus in the Ultraluminous
  Infrared Galaxy NGC 6240 Using Chandra}},
  journal = {\apjl},
  year = {2003},
  volume = {582},
  pages = {L15-L19},
  month = jan,
  adsnote = {Provided by the SAO/NASA Astrophysics Data System},
  adsurl = {http://adsabs.harvard.edu/abs/2003ApJ...582L..15K},
  doi = {10.1086/346145},
  eprint = {arXiv:astro-ph/0212099},
  keywords = {Galaxies: Quasars: Individual: Alphanumeric: NGC 6240, X-Rays: Galaxies}
}

@INPROCEEDINGS{Garmire2003SPIE,
  author = {{Garmire}, G.~P. and {Bautz}, M.~W. and {Ford}, P.~G. and {Nousek},
  J.~A. and {Ricker}, Jr., G.~R.},
  title = {{Advanced CCD imaging spectrometer (ACIS) instrument on the Chandra
  X-ray Observatory}},
  booktitle = {SPIE},
  year = {2003},
  volume = {4851},
  pages = {28-44},
  month = mar,
  adsnote = {Provided by the SAO/NASA Astrophysics Data System},
  adsurl = {http://adsabs.harvard.edu/abs/2003SPIE.4851...28G},
  doi = {10.1117/12.461599}
}

@ARTICLE{Bell2003ApJS,
   author = {{Bell}, E.~F. and {McIntosh}, D.~H. and {Katz}, N. and {Weinberg}, M.~D.
	},
    title = "{The Optical and Near-Infrared Properties of Galaxies. I. Luminosity and Stellar Mass Functions}",
  journal = {\apjs},
   eprint = {astro-ph/0302543},
 keywords = {Galaxies: Evolution, Galaxies: General, Galaxies: Luminosity Function, Mass Function, Galaxies: Stellar Content},
     year = 2003,
    month = dec,
   volume = 149,
    pages = {289-312},
      doi = {10.1086/378847},
   adsurl = {http://adsabs.harvard.edu/abs/2003ApJS..149..289B},
  adsnote = {Provided by the SAO/NASA Astrophysics Data System}
}

@ARTICLE{Hopkins2003ApJ,
   author = {{Hopkins}, A.~M. and {Miller}, C.~J. and {Nichol}, R.~C. and 
  {Connolly}, A.~J. and {Bernardi}, M. and {G{\'o}mez}, P.~L. and 
  {Goto}, T. and {Tremonti}, C.~A. and {Brinkmann}, J. and {Ivezi{\'c}}, {\v Z}. and 
  {Lamb}, D.~Q.},
    title = "{Star Formation Rate Indicators in the Sloan Digital Sky Survey}",
  journal = {\apj},
   eprint = {astro-ph/0306621},
 keywords = {Catalogs, Galaxies: Evolution, Galaxies: Starburst, Radio Continuum: Galaxies, Stars: Formation},
     year = 2003,
    month = dec,
   volume = 599,
    pages = {971-991},
      doi = {10.1086/379608},
   adsurl = {http://adsabs.harvard.edu/abs/2003ApJ...599..971H},
  adsnote = {Provided by the SAO/NASA Astrophysics Data System}
}

@ARTICLE{Bennert2002ApJL,
  author = {{Bennert}, N. and {Falcke}, H. and {Schulz}, H. and {Wilson}, A.~S.
  and {Wills}, B.~J.},
  title = {{Size and Structure of the Narrow-Line Region of Quasars}},
  journal = {\apjl},
  year = {2002},
  volume = {574},
  pages = {L105-L109},
  month = aug,
  adsnote = {Provided by the SAO/NASA Astrophysics Data System},
  adsurl = {http://adsabs.harvard.edu/abs/2002ApJ...574L.105B},
  doi = {10.1086/342420},
  eprint = {arXiv:astro-ph/0206334},
  keywords = {Galaxies: Active, Galaxies: Seyfert, Galaxies: Structure, Galaxies:
  Quasars: Emission Lines, Galaxies: Quasars: General}
}

@ARTICLE{Yu2002MNRAS,
   author = {{Yu}, Q.},
    title = "{Evolution of massive binary black holes}",
  journal = {\mnras},
   eprint = {astro-ph/0109530},
 keywords = {black hole physics, galaxies: evolution, galaxies: interactions, galaxies: kinematics and dynamics, galaxies: nuclei},
     year = 2002,
    month = apr,
   volume = 331,
    pages = {935-958},
      doi = {10.1046/j.1365-8711.2002.05242.x},
   adsurl = {http://adsabs.harvard.edu/abs/2002MNRAS.331..935Y},
  adsnote = {Provided by the SAO/NASA Astrophysics Data System}
}

@ARTICLE{Peng2002AJ,
   author = {{Peng}, C.~Y. and {Ho}, L.~C. and {Impey}, C.~D. and {Rix}, H.-W.
  },
    title = "{Detailed Structural Decomposition of Galaxy Images}",
  journal = {\aj},
   eprint = {astro-ph/0204182},
 keywords = {Galaxies: Bulges, Galaxies: Fundamental Parameters, Galaxies: Nuclei, Galaxies: Structure, Techniques: Image Processing, Techniques: Photometric},
     year = 2002,
    month = jul,
   volume = 124,
    pages = {266-293},
      doi = {10.1086/340952},
   adsurl = {http://adsabs.harvard.edu/abs/2002AJ....124..266P},
  adsnote = {Provided by the SAO/NASA Astrophysics Data System}
}

@INPROCEEDINGS{Jerius2000SPIE,
   author = {{Jerius}, D. and {Donnelly}, R.~H. and {Tibbetts}, M.~S. and 
	{Edgar}, R.~J. and {Gaetz}, T.~J. and {Schwartz}, D.~A. and 
	{Van Speybroeck}, L.~P. and {Zhao}, P.},
    title = "{Orbital measurement and verification of the Chandra X-ray Observatory's PSF}",
booktitle = {X-Ray Optics, Instruments, and Missions III},
     year = 2000,
   volume = 4012,
    month = jul,
    pages = {17-27},
   adsurl = {http://adsabs.harvard.edu/abs/2000SPIE.4012...17J},
  adsnote = {Provided by the SAO/NASA Astrophysics Data System}
}

@ARTICLE{Junkkarinen2001ApJ,
   author = {{Junkkarinen}, V. and {Shields}, G.~A. and {Beaver}, E.~A. and 
	{Burbidge}, E.~M. and {Cohen}, R.~D. and {Hamann}, F. and {Lyons}, R.~W.
	},
    title = "{LBQS 0103-2753: A 0.3'' Binary Quasar}",
  journal = {\apjl},
   eprint = {astro-ph/0102501},
 keywords = {Black Hole Physics, Galaxies: Active, Galaxies: Quasars: General, Galaxies: Quasars: Individual: Alphanumeric: LBQS 0103-2753},
     year = 2001,
    month = mar,
   volume = 549,
    pages = {L155-L159},
      doi = {10.1086/319173},
   adsurl = {http://adsabs.harvard.edu/abs/2001ApJ...549L.155J},
  adsnote = {Provided by the SAO/NASA Astrophysics Data System}
}

@ARTICLE{Milosavljevic2001ApJ,
   author = {{Milosavljevi{\'c}}, M. and {Merritt}, D.},
    title = "{Formation of Galactic Nuclei}",
  journal = {\apj},
   eprint = {astro-ph/0103350},
 keywords = {Black Hole Physics, Galaxies: Nuclei, Stellar Dynamics},
     year = 2001,
    month = dec,
   volume = 563,
    pages = {34-62},
      doi = {10.1086/323830},
   adsurl = {http://adsabs.harvard.edu/abs/2001ApJ...563...34M},
  adsnote = {Provided by the SAO/NASA Astrophysics Data System}
}

@ARTICLE{York2000AJ,
   author = {{York}, D.~G. and {Adelman}, J. and {Anderson}, Jr., J.~E. and 
  {Anderson}, S.~F. and {Annis}, J. and {Bahcall}, N.~A. and {Bakken}, J.~A. and 
  {Barkhouser}, R. and {Bastian}, S. and {Berman}, E. and {Boroski}, W.~N. and 
  {Bracker}, S. and {Briegel}, C. and {Briggs}, J.~W. and {Brinkmann}, J. and 
  {Brunner}, R. and {Burles}, S. and {Carey}, L. and {Carr}, M.~A. and 
  {Castander}, F.~J. and {Chen}, B. and {Colestock}, P.~L. and 
  {Connolly}, A.~J. and {Crocker}, J.~H. and {Csabai}, I. and 
  {Czarapata}, P.~C. and {Davis}, J.~E. and {Doi}, M. and {Dombeck}, T. and 
  {Eisenstein}, D. and {Ellman}, N. and {Elms}, B.~R. and {Evans}, M.~L. and 
  {Fan}, X. and {Federwitz}, G.~R. and {Fiscelli}, L. and {Friedman}, S. and 
  {Frieman}, J.~A. and {Fukugita}, M. and {Gillespie}, B. and 
  {Gunn}, J.~E. and {Gurbani}, V.~K. and {de Haas}, E. and {Haldeman}, M. and 
  {Harris}, F.~H. and {Hayes}, J. and {Heckman}, T.~M. and {Hennessy}, G.~S. and 
  {Hindsley}, R.~B. and {Holm}, S. and {Holmgren}, D.~J. and {Huang}, C.-h. and 
  {Hull}, C. and {Husby}, D. and {Ichikawa}, S.-I. and {Ichikawa}, T. and 
  {Ivezi{\'c}}, {\v Z}. and {Kent}, S. and {Kim}, R.~S.~J. and 
  {Kinney}, E. and {Klaene}, M. and {Kleinman}, A.~N. and {Kleinman}, S. and 
  {Knapp}, G.~R. and {Korienek}, J. and {Kron}, R.~G. and {Kunszt}, P.~Z. and 
  {Lamb}, D.~Q. and {Lee}, B. and {Leger}, R.~F. and {Limmongkol}, S. and 
  {Lindenmeyer}, C. and {Long}, D.~C. and {Loomis}, C. and {Loveday}, J. and 
  {Lucinio}, R. and {Lupton}, R.~H. and {MacKinnon}, B. and {Mannery}, E.~J. and 
  {Mantsch}, P.~M. and {Margon}, B. and {McGehee}, P. and {McKay}, T.~A. and 
  {Meiksin}, A. and {Merelli}, A. and {Monet}, D.~G. and {Munn}, J.~A. and 
  {Narayanan}, V.~K. and {Nash}, T. and {Neilsen}, E. and {Neswold}, R. and 
  {Newberg}, H.~J. and {Nichol}, R.~C. and {Nicinski}, T. and 
  {Nonino}, M. and {Okada}, N. and {Okamura}, S. and {Ostriker}, J.~P. and 
  {Owen}, R. and {Pauls}, A.~G. and {Peoples}, J. and {Peterson}, R.~L. and 
  {Petravick}, D. and {Pier}, J.~R. and {Pope}, A. and {Pordes}, R. and 
  {Prosapio}, A. and {Rechenmacher}, R. and {Quinn}, T.~R. and 
  {Richards}, G.~T. and {Richmond}, M.~W. and {Rivetta}, C.~H. and 
  {Rockosi}, C.~M. and {Ruthmansdorfer}, K. and {Sandford}, D. and 
  {Schlegel}, D.~J. and {Schneider}, D.~P. and {Sekiguchi}, M. and 
  {Sergey}, G. and {Shimasaku}, K. and {Siegmund}, W.~A. and {Smee}, S. and 
  {Smith}, J.~A. and {Snedden}, S. and {Stone}, R. and {Stoughton}, C. and 
  {Strauss}, M.~A. and {Stubbs}, C. and {SubbaRao}, M. and {Szalay}, A.~S. and 
  {Szapudi}, I. and {Szokoly}, G.~P. and {Thakar}, A.~R. and {Tremonti}, C. and 
  {Tucker}, D.~L. and {Uomoto}, A. and {Vanden Berk}, D. and {Vogeley}, M.~S. and 
  {Waddell}, P. and {Wang}, S.-i. and {Watanabe}, M. and {Weinberg}, D.~H. and 
  {Yanny}, B. and {Yasuda}, N. and {SDSS Collaboration}},
    title = "{The Sloan Digital Sky Survey: Technical Summary}",
  journal = {\aj},
   eprint = {astro-ph/0006396},
 keywords = {Cosmology: Observations, Instrumentation: Miscellaneous},
     year = 2000,
    month = sep,
   volume = 120,
    pages = {1579-1587},
      doi = {10.1086/301513},
   adsurl = {http://adsabs.harvard.edu/abs/2000AJ....120.1579Y},
  adsnote = {Provided by the SAO/NASA Astrophysics Data System}
}

@ARTICLE{Kauffmann&Haehnelt2000MNRAS,
   author = {{Kauffmann}, G. and {Haehnelt}, M.},
    title = "{A unified model for the evolution of galaxies and quasars}",
  journal = {\mnras},
   eprint = {astro-ph/9906493},
 keywords = {BLACK HOLE PHYSICS, GALAXIES: FORMATION, GALAXIES: NUCLEI, QUASARS: GENERAL},
     year = 2000,
    month = jan,
   volume = 311,
    pages = {576-588},
      doi = {10.1046/j.1365-8711.2000.03077.x},
   adsurl = {http://adsabs.harvard.edu/abs/2000MNRAS.311..576K},
  adsnote = {Provided by the SAO/NASA Astrophysics Data System}
}

@ARTICLE{Bassani1999ApJS,
   author = {{Bassani}, L. and {Dadina}, M. and {Maiolino}, R. and {Salvati}, M. and 
	{Risaliti}, G. and {Della Ceca}, R. and {Matt}, G. and {Zamorani}, G.
	},
    title = "{A Three-dimensional Diagnostic Diagram for Seyfert 2 Galaxies: Probing X-Ray Absorption and Compton Thickness}",
  journal = {\apjs},
   eprint = {astro-ph/9811074},
 keywords = {GALAXIES: SEYFERT, X-RAYS: GALAXIES, Galaxies: Seyfert, X-Rays: Galaxies},
     year = 1999,
    month = apr,
   volume = 121,
    pages = {473-482},
      doi = {10.1086/313202},
   adsurl = {http://adsabs.harvard.edu/abs/1999ApJS..121..473B},
  adsnote = {Provided by the SAO/NASA Astrophysics Data System}
}

@ARTICLE{Kennicutt1998ARA&A,
   author = {{Kennicutt}, Jr., R.~C.},
    title = "{Star Formation in Galaxies Along the Hubble Sequence}",
  journal = {\araa},
   eprint = {astro-ph/9807187},
     year = 1998,
   volume = 36,
    pages = {189-232},
      doi = {10.1146/annurev.astro.36.1.189},
   adsurl = {http://adsabs.harvard.edu/abs/1998ARA%26A..36..189K},
  adsnote = {Provided by the SAO/NASA Astrophysics Data System}
}

@ARTICLE{Ho1997ApJ,
   author = {{Ho}, L.~C. and {Filippenko}, A.~V. and {Sargent}, W.~L.~W.},
    title = "{A Search for ``Dwarf'' Seyfert Nuclei. V. Demographics of Nuclear Activity in Nearby Galaxies}",
  journal = {\apj},
   eprint = {astro-ph/9704108},
 keywords = {Galaxies: Active, Galaxies: Nuclei, Galaxies: Seyfert, Galaxies: Starburst, Surveys},
     year = 1997,
    month = oct,
   volume = 487,
    pages = {568-578},
   adsurl = {http://adsabs.harvard.edu/abs/1997ApJ...487..568H},
  adsnote = {Provided by the SAO/NASA Astrophysics Data System}
}

@ARTICLE{Thorne1997arXiv,
   author = {{Thorne}, K.~S.},
    title = "{Gravitational Radiation -- A New Window Onto the Universe}",
  journal = {ArXiv General Relativity and Quantum Cosmology e-prints},
   eprint = {gr-qc/9704042},
 keywords = {General Relativity and Quantum Cosmology},
     year = 1997,
    month = apr,
   adsurl = {http://adsabs.harvard.edu/abs/1997gr.qc.....4042T},
  adsnote = {Provided by the SAO/NASA Astrophysics Data System}
}

@INPROCEEDINGS{Weisskopf1996SPIE,
  author = {{Weisskopf}, M.~C. and {O'dell}, S.~L. and {van Speybroeck}, L.~P.
  },
  title = {{Advanced X-Ray Astrophysics Facility (AXAF)}},
  booktitle = {SPIE},
  year = {1996},
  volume = {2805},
  pages = {2-7},
  month = jul,
  adsnote = {Provided by the SAO/NASA Astrophysics Data System},
  adsurl = {http://adsabs.harvard.edu/abs/1996SPIE.2805....2W}
}

@ARTICLE{Dopita1995ApJ,
   author = {{Dopita}, M.~A. and {Sutherland}, R.~S.},
    title = "{Spectral Signatures of Fast Shocks. II. Optical Diagnostic Diagrams}",
  journal = {\apj},
 keywords = {GALAXIES: ACTIVE, GALAXIES: SEYFERT, SHOCK WAVES},
     year = 1995,
    month = dec,
   volume = 455,
    pages = {468},
      doi = {10.1086/176596},
   adsurl = {http://adsabs.harvard.edu/abs/1995ApJ...455..468D},
  adsnote = {Provided by the SAO/NASA Astrophysics Data System}
}

@ARTICLE{Kormendy&Richstone1995ARA&A,
   author = {{Kormendy}, J. and {Richstone}, D.},
    title = "{Inward Bound---The Search For Supermassive Black Holes In Galactic Nuclei}",
  journal = {\araa},
     year = 1995,
   volume = 33,
    pages = {581},
      doi = {10.1146/annurev.aa.33.090195.003053},
   adsurl = {http://adsabs.harvard.edu/abs/1995ARA%26A..33..581K},
  adsnote = {Provided by the SAO/NASA Astrophysics Data System}
}

@ARTICLE{Haardt1993ApJ,
   author = {{Haardt}, F. and {Maraschi}, L.},
    title = "{X-ray spectra from two-phase accretion disks}",
  journal = {\apj},
 keywords = {Accretion Disks, Active Galactic Nuclei, Compton Effect, Electron Energy, Stellar Luminosity, X Ray Spectra, Astronomical Models, Black Body Radiation, Stellar Coronas, X Ray Astronomy},
     year = 1993,
    month = aug,
   volume = 413,
    pages = {507-517},
      doi = {10.1086/173020},
   adsurl = {http://adsabs.harvard.edu/abs/1993ApJ...413..507H},
  adsnote = {Provided by the SAO/NASA Astrophysics Data System}
}

@ARTICLE{Ho1993ApJ,
   author = {{Ho}, L.~C. and {Filippenko}, A.~V. and {Sargent}, W.~L.~W.},
    title = "{A Reevaluation of the Excitation Mechanism of LINERs}",
  journal = {\apj},
 keywords = {GALAXIES: ACTIVE, GALAXIES: ISM, GALAXIES: NUCLEI, GALAXIES: SEYFERT},
     year = 1993,
    month = nov,
   volume = 417,
    pages = {63},
      doi = {10.1086/173291},
   adsurl = {http://adsabs.harvard.edu/abs/1993ApJ...417...63H},
  adsnote = {Provided by the SAO/NASA Astrophysics Data System}
}

@ARTICLE{Moran1992AJ,
   author = {{Moran}, E.~C. and {Halpern}, J.~P. and {Bothun}, G.~D. and 
	{Becker}, R.~H.},
    title = "{Was 49 - Mirror for a hidden Seyfert 1 nucleus}",
  journal = {\aj},
 keywords = {Active Galactic Nuclei, Balmer Series, Interacting Galaxies, Seyfert Galaxies, Very Large Array (Vla), Emission Spectra, Line Of Sight, Line Shape, Line Spectra},
     year = 1992,
    month = sep,
   volume = 104,
    pages = {990-999},
      doi = {10.1086/116292},
   adsurl = {http://adsabs.harvard.edu/abs/1992AJ....104..990M},
  adsnote = {Provided by the SAO/NASA Astrophysics Data System}
}

@ARTICLE{Hernquist1989Natur,
   author = {{Hernquist}, L.},
    title = "{Tidal triggering of starbursts and nuclear activity in galaxies}",
  journal = {\nat},
 keywords = {Active Galactic Nuclei, Black Holes (Astronomy), Star Formation, Starburst Galaxies, Tides, Angular Momentum, Interstellar Gas, Quasars, Star Distribution},
     year = 1989,
    month = aug,
   volume = 340,
    pages = {687-691},
      doi = {10.1038/340687a0},
   adsurl = {http://adsabs.harvard.edu/abs/1989Natur.340..687H},
  adsnote = {Provided by the SAO/NASA Astrophysics Data System}
}

@ARTICLE{Abramowicz1988ApJ,
   author = {{Abramowicz}, M.~A. and {Czerny}, B. and {Lasota}, J.~P. and 
	{Szuszkiewicz}, E.},
    title = "{Slim accretion disks}",
  journal = {\apj},
 keywords = {Accretion Disks, Astronomical Models, Black Holes (Astronomy), Stellar Mass Accretion, Computational Astrophysics, Eddington Approximation, Navier-Stokes Equation, Roche Limit},
     year = 1988,
    month = sep,
   volume = 332,
    pages = {646-658},
      doi = {10.1086/166683},
   adsurl = {http://adsabs.harvard.edu/abs/1988ApJ...332..646A},
  adsnote = {Provided by the SAO/NASA Astrophysics Data System}
}

@ARTICLE{Sanders1988ApJ,
   author = {{Sanders}, D.~B. and {Soifer}, B.~T. and {Elias}, J.~H. and 
	{Madore}, B.~F. and {Matthews}, K. and {Neugebauer}, G. and 
	{Scoville}, N.~Z.},
    title = "{Ultraluminous infrared galaxies and the origin of quasars}",
  journal = {\apj},
 keywords = {Active Galactic Nuclei, Galactic Evolution, Infrared Sources (Astronomy), Quasars, Astronomical Maps, Carbon Monoxide, Emission Spectra, Infrared Photometry, Molecular Gases, Nonthermal Radiation, Spectral Energy Distribution},
     year = 1988,
    month = feb,
   volume = 325,
    pages = {74-91},
      doi = {10.1086/165983},
   adsurl = {http://adsabs.harvard.edu/abs/1988ApJ...325...74S},
  adsnote = {Provided by the SAO/NASA Astrophysics Data System}
}

@INBOOK{Thorne1987thyg.book,
   author = {{Thorne}, K.~S.},
    title = "{Gravitational radiation.}",
 keywords = {Gravitational Radiation:Detection, Gravitational Radiation:Origin},
booktitle = {Three Hundred Years of Gravitation},
     year = 1987,
   editor = {{Hawking}, S.~W. and {Israel}, W.},
    pages = {330-458},
   adsurl = {http://adsabs.harvard.edu/abs/1987thyg.book..330T},
  adsnote = {Provided by the SAO/NASA Astrophysics Data System}
}

@ARTICLE{Heckman1981ApJ,
  author = {{Heckman}, T.~M. and {Miley}, G.~K. and {van Breugel}, W.~J.~M. and
  {Butcher}, H.~R.},
  title = {{Emission-line profiles and kinematics of the narrow-line region
  in Seyfert and radio galaxies}},
  journal = {\apj},
  year = {1981},
  volume = {247},
  pages = {403-418},
  month = jul,
  adsnote = {Provided by the SAO/NASA Astrophysics Data System},
  adsurl = {http://adsabs.harvard.edu/abs/1981ApJ...247..403H},
  doi = {10.1086/159050},
  keywords = {EMISSION SPECTRA, GALACTIC NUCLEI, RADIO GALAXIES, SEYFERT GALAXIES,
  SPECTRAL LINE WIDTH, COSMIC DUST, COSMIC PLASMA, GAS IONIZATION,
  H LINES, INTERSTELLAR GAS, LINE SPECTRA, LUMINOSITY, OXYGEN, RELATIVISTIC
  PLASMAS, THERMAL PLASMAS, VELOCITY DISTRIBUTION}
}

@ARTICLE{Begelman1980Natur,
   author = {{Begelman}, M.~C. and {Blandford}, R.~D. and {Rees}, M.~J.},
    title = "{Massive black hole binaries in active galactic nuclei}",
  journal = {\nat},
 keywords = {Active Galactic Nuclei, Binary Stars, Black Holes (Astronomy), Stellar Evolution, Supermassive Stars, Astrophysics, Orbital Elements},
     year = 1980,
    month = sep,
   volume = 287,
    pages = {307-309},
      doi = {10.1038/287307a0},
   adsurl = {http://adsabs.harvard.edu/abs/1980Natur.287..307B},
  adsnote = {Provided by the SAO/NASA Astrophysics Data System}
}

@ARTICLE{Faber&Gallagher1979ARAA,
   author = {{Faber}, S.~M. and {Gallagher}, J.~S.},
    title = "{Masses and mass-to-light ratios of galaxies}",
  journal = {\araa},
 keywords = {Galactic Clusters, Light Curve, Mass To Light Ratios, Spiral Galaxies, Disk Galaxies, Dynamic Response, Galactic Structure, Group Theory, Mass Distribution, Milky Way Galaxy, Missing Mass (Astrophysics), Stellar Luminosity, Stellar Mass Ejection},
     year = 1979,
   volume = 17,
    pages = {135-187},
      doi = {10.1146/annurev.aa.17.090179.001031},
   adsurl = {http://adsabs.harvard.edu/abs/1979ARA%26A..17..135F},
  adsnote = {Provided by the SAO/NASA Astrophysics Data System}
}

@ARTICLE{White&Rees1978MNRAS,
   author = {{White}, S.~D.~M. and {Rees}, M.~J.},
    title = "{Core condensation in heavy halos - A two-stage theory for galaxy formation and clustering}",
  journal = {\mnras},
 keywords = {Astronomical Models, Galactic Clusters, Galactic Evolution, Galactic Nuclei, Gravitational Effects, Halos, Critical Mass, Dark Matter, Dynamic Models, Interstellar Gas, Luminosity, Many Body Problem, Red Shift},
     year = 1978,
    month = may,
   volume = 183,
    pages = {341-358},
   adsurl = {http://adsabs.harvard.edu/abs/1978MNRAS.183..341W},
  adsnote = {Provided by the SAO/NASA Astrophysics Data System}
}

@ARTICLE{Thorne&Braginskii1976ApJ,
   author = {{Thorne}, K.~S. and {Braginskii}, V.~B.},
    title = "{Gravitational-wave bursts from the nuclei of distant galaxies and quasars - Proposal for detection using Doppler tracking of interplanetary spacecraft}",
  journal = {\apjl},
 keywords = {Doppler Effect, Galactic Nuclei, Galactic Radiation, Gravitational Waves, Interplanetary Spacecraft, Quasars, Spacecraft Tracking, Radiation Detectors, Radio Sources (Astronomy), Space Detection And Tracking System, Spacecraft Communication},
     year = 1976,
    month = feb,
   volume = 204,
    pages = {L1-L6},
      doi = {10.1086/182042},
   adsurl = {http://adsabs.harvard.edu/abs/1976ApJ...204L...1T},
  adsnote = {Provided by the SAO/NASA Astrophysics Data System}
}

@ARTICLE{Oke1974ApJS,
  author = {{Oke}, J.~B.},
  title = {{Absolute Spectral Energy Distributions for White Dwarfs}},
  journal = {\apjs},
  year = {1974},
  volume = {27},
  pages = {21},
  month = feb,
  adsnote = {Provided by the SAO/NASA Astrophysics Data System},
  adsurl = {http://adsabs.harvard.edu/abs/1974ApJS...27...21O},
  doi = {10.1086/190287}
}

@ARTICLE{Hawking1974Natur,
   author = {{Hawking}, S.~W.},
    title = "{Black hole explosions?}",
  journal = {\nat},
     year = 1974,
    month = mar,
   volume = 248,
    pages = {30-31},
      doi = {10.1038/248030a0},
   adsurl = {http://adsabs.harvard.edu/abs/1974Natur.248...30H},
  adsnote = {Provided by the SAO/NASA Astrophysics Data System}
}

@ARTICLE{Shakura1973A&A,
   author = {{Shakura}, N.~I. and {Sunyaev}, R.~A.},
    title = "{Black holes in binary systems. Observational appearance.}",
  journal = {\aap},
     year = 1973,
   volume = 24,
    pages = {337-355},
   adsurl = {http://adsabs.harvard.edu/abs/1973A%26A....24..337S},
  adsnote = {Provided by the SAO/NASA Astrophysics Data System}
}

@ARTICLE{Sargent1972ApJ,
  author = {{Sargent}, W.~L.~W.},
  title = {{The Spectra of 80 Galaxies in Markarian's Second List and the Space
  Density of the Markarian Galaxies}},
  journal = {\apj},
  year = {1972},
  volume = {173},
  pages = {7},
  month = apr,
  adsnote = {Provided by the SAO/NASA Astrophysics Data System},
  adsurl = {http://adsabs.harvard.edu/abs/1972ApJ...173....7S},
  doi = {10.1086/151397}
}

@BOOK{Sersic1968adga,
   author = {{S{\'e}rsic}, J.~L.},
    title = "{Atlas de galaxias australes}",
 keywords = {GALAXIES, GROUPS OF GALAXIES, ATLASES},
booktitle = {Cordoba, Argentina: Observatorio Astronomico, 1968},
     year = 1968,
   adsurl = {http://adsabs.harvard.edu/abs/1968adga.book.....S},
  adsnote = {Provided by the SAO/NASA Astrophysics Data System}
}

@ARTICLE{Sersic1963BAAA,
   author = {{S{\'e}rsic}, J.~L.},
    title = "{Influence of the atmospheric and instrumental dispersion on the brightness distribution in a galaxy}",
  journal = {Boletin de la Asociacion Argentina de Astronomia La Plata Argentina},
     year = 1963,
   volume = 6,
    pages = {41},
   adsurl = {http://adsabs.harvard.edu/abs/1963BAAA....6...41S},
  adsnote = {Provided by the SAO/NASA Astrophysics Data System}
}
